3625 5375
602 471 696 527 Ens'r
725 471 863 543 πρά-η
881 470 997 527 tamn
1019 470 1086 543 1548
1311 516 1314 521 .
1388 472 1423 543 65

227 646 313 711 pero
342 624 492 691 tambie'n
520 646 564 691 en
591 627 625 693 el
650 627 822 709 segundO,
853 646 921 709 que
948 646 985 693 es
1012 626 1056 693 de
1084 625 1274 710 perfeccinn
1305 626 1348 693 de
1375 628 1458 693 obe-

226 741 374 809 diencia.

299 872 354 942 35.
402 858 453 923 En
475 869 569 925 estos
588 870 714 945 puntos
733 849 891 944 hoigaria
912 868 1051 924 nuestro
1080 858 1190 924 Padre
1217 879 1260 923 en
1288 858 1320 923 ei
1348 858 1458 926 Senot

225 996 297 1059 que
314 976 358 1041 V.
377 976 419 1040 R.
438 973 634 1041 examinase
650 974 682 1040 la
697 973 899 1043 obediencia
916 994 997 1059 para
1013 994 1078 1039 con
1095 975 1126 1040 el
1145 976 1184 1040 P.
1204 976 1329 1053 Araoz,
1344 980 1365 1040 ὁ
1378 994 1459 1059 para

226 1088 426 1174 cualquiera
441 1110 511 1174 que
525 1089 609 1156 Dios
626 1090 658 1156 le
672 1089 767 1156 diese
782 1089 1029 1175 persuperior,
1048 1095 1097 1156 asi
1109 1108 1208 1157 como
1220 1089 1361 1155 debrian
1375 1112 1440 1157 exa

227 1196 374 1272 minarln
389 1207 441 1271 los
457 1226 526 1291 que
541 1212 561 1271 ἐι
577 1206 621 1272 V.
642 1206 682 1274 R.
702 1206 769 1273 dau
786 1204 998 1283 obediencia,
1018 1226 1098 1289 para
1114 1226 1179 1271 con
1195 1206 1226 1271 el
1242 1216 1271 1271 ⁰:

299 1322 484 1407 Inscriptio
499 1324 538 1386 in
554 1320 664 1387 codice
682 1322 839 1388 «Decret.
857 1326 888 1385 et
904 1322 1029 1385 instr.»
1050 1321 1094 1387 Al
1108 1322 1147 1386 P.
1165 1322 1303 1389 Andrea
1314 1321 1458 1387 d'Ovie·

227 1438 277 1503 do
294 1436 329 1501 in
344 1436 494 1505 Gandia.

300 1554 484 1637 Inscriptio
500 1554 537 1616 in
553 1552 663 1617 codice
681 1552 785 1620 «eod.
803 1552 948 1617 Paris.»
971 1550 1079 1636 Copia
1099 1552 1142 1617 de
1163 1553 1309 1637 algunos
1329 1558 1461 1637 capitu-

230 1669 283 1734 los
300 1670 442 1736 saeados
457 1668 500 1734 de
516 1688 584 1733 vna
598 1678 705 1747 carta,
722 1686 791 1751 que
810 1686 873 1752 por
897 1665 1061 1732 comisidn
1078 1666 1121 1733 de
1142 1668 1186 1733 N.
1207 1666 1246 1733 P.
1266 1668 1302 1736 S.
1323 1667 1462 1753 Ignacio

230 1782 378 1850 escrivi6
394 1784 427 1851 el
445 1786 484 1850 Ρ.
504 1784 655 1849 Poianco
671 1782 703 1847 al
717 1782 828 1849 Padre
844 1792 957 1847 rector
972 1781 1027 1847 del
1043 1780 1178 1867 colegio
1193 1784 1236 1849 de
1252 1784 1400 1863 Gandia,
1418 1804 1461 1850 en

229 1918 301 1981 que
316 1918 355 1963 se
371 1908 458 1963 trata
473 1898 518 1965 de
533 1898 566 1962 la
582 1893 795 1964 obediencia.
870 1922 877 1931 ·

808 2078 885 2159 296
1496 2154 1498 2158 .

294 2210 559 2277 FRANCISCO
577 2208 787 2276 BORGIAE
804 2210 916 2277 DUCI
937 2166 1152 2277 GAND'IAE
1170 2210 1232 2276 EX
1248 2211 1400 2277 COMM.

649 2360 737 2407 noun
756 2362 792 2418 29
809 2360 920 2403 mm
942 2350 1010 2417 1548
1030 2350 1049 2403 ¹.

334 2485 379 2539 De
392 2486 517 2539 Andron
534 2483 648 2539 Oviedo
660 2489 688 2538 et
702 2482 865 2537 Francisco
881 2482 1024 2554 Onosrio,
1042 2480 1177 2548 Gnndin,
1192 2486 1219 2539 si
1231 2488 1305 2557 opus
1317 2490 1370 2549 est,

544 2570 802 2629 edticendis.-De
815 2572 872 2625 Fr.
884 2572 1008 2643 joanne
1027 2571 1146 2642 Tejedn.

304 2714 460 2784 Mirando
478 2731 606 2800 quanto
622 2717 666 2784 de
682 2716 747 2782 alin
763 2739 786 2802 y
803 2717 845 2782 de
862 2723 922 2781 acti
939 2735 976 2783 se
993 2715 1138 2795 escriue,
1157 2739 1177 2802 y
1194 2723 1214 2782 ei
1237 2730 1394 2782 nosotros
1418 2741 1460 2784 en

230 2835 265 2900 ei
295 2834 405 2901 Senot
432 2833 475 2898 de
503 2832 603 2898 todos
631 2853 764 2916 parete,
795 2833 839 2898 V.
869 2831 957 2899 Sria.
988 2834 1267 2898 encomendando
1288 2833 1319 2900 el
1342 2835 1460 2898 todoat
1554 2917 1557 2928 .

234 2949 321 3015 Dios
337 2949 382 3016 N.
401 2947 438 3015 S.
456 2968 517 3032 por
532 2969 573 3012 su
590 2967 709 3031 mayor
725 2945 872 3012 seruicio
888 2969 911 3032 y
927 2947 1102 3028 alabanea,
1126 2967 1163 3012 se
1184 2945 1267 3013 mire
1289 2951 1412 3014 mucho
1433 2949 1460 3013 si

231 3065 352 3150 podria
368 3052 581 3147 aproueciiar
598 3063 760 3128 tomando
776 3063 882 3147 aigiin
900 3061 1012 3128 medio
1029 3063 1071 3128 de
1088 3063 1138 3126 ins
1155 3083 1222 3146 que
1238 3085 1274 3128 se
1291 3063 1426 3148 siguen,
1441 3072 1461 3130 ὠ

230 3193 311 3247 otro
332 3202 399 3266 que
415 3180 459 3244 V.
479 3179 567 3247 Stia.
585 3179 734 3245 sentiese
758 3197 834 3245 seer
851 3178 969 3262 major,
997 3191 1229 3263 maynrmente
1254 3181 1461 3265 podiendose
1505 3169 1510 3179 ⁸

229 3303 307 3361 mes
323 3296 486 3361 informat
501 3317 523 3379 y
539 3295 705 3361 entender
720 3293 829 3379 mejor
843 3295 875 3360 el
894 3295 985 3358 todo,

300 3411 340 3477 Ei
358 3409 515 3495 primero,
530 3407 692 3474 inhiando
708 3413 769 3474 acii
785 3415 804 3474 ἐι
822 3411 929 3474 Roma
946 3410 976 3474 la
990 3429 1136 3495 persona
1154 3411 1182 3476 Β
1199 3421 1224 3489 ²,
1240 3433 1260 3496 y
1278 3419 1297 3478 ἐι
1314 3425 1461 3480 maestrn

231 3529 412 3597 salmernn
429 3525 460 3591 la
477 3547 624 3611 persona
640 3525 669 3590 C
685 3521 711 3602 b,
730 3547 752 3609 y
768 3524 800 3590 el
823 3525 861 3590 Ρ.
887 3525 925 3590 F.
949 3528 981 3613 J.
1009 3527 1049 3590 T.
1078 3535 1090 3564 ⁰
1114 3531 1132 3590 n
1156 3549 1196 3591 su
1218 3527 1374 3614 religi6n‚
1401 3552 1463 3614 pnr

227 3643 345 3728 quitar
362 3641 460 3707 todos
477 3638 760 3707 inconuenientes
773 3661 834 3726 por
847 3642 878 3707 el
891 3661 1011 3724 mayor
1028 3639 1104 3706 bien
1124 3641 1307 3722 Vniuersnk
1322 3645 1460 3728 ioquin,

228 3761 261 3826 si
278 3759 393 3832 fuesse
409 3762 481 3820 mas
496 3754 712 3841 expediente,
731 3775 769 3821 se
786 3755 905 3840 podria
924 3765 1046 3820 tracter
1065 3756 1178 3839 que'el
1197 3759 1335 3842 general
1357 3759 1387 3824 le
1409 3759 1442 3824 in

285 3941 298 3968 ⁶
336 3927 385 3980 Sic
397 3926 508 3980 desinit
522 3922 649 3995 epistola
662 3922 695 3976 in
710 3923 802 3981 «Cod.
818 3923 941 3978 Paris.»

283 4122 297 4148 a
334 4104 371 4158 In
384 4104 481 4158 altero
498 4101 644 4172 exemplo,
661 4107 754 4174 super
772 4101 907 4156 litteram
927 4101 959 4172 B,
981 4102 1125 4174 scriptum
1144 4107 1196 4167 est,
1218 4105 1269 4158 sed
1288 4109 1464 4176 perperam:

228 4193 350 4250 Andiea
362 4191 394 4248 d’
411 4191 538 4249 Ouiedo.
576 4193 628 4234 ——b
646 4191 683 4246 In
703 4189 965 4262 niteroexemplo,
988 4195 1078 4259 super
1100 4187 1244 4248 littsrnm*
1258 4189 1291 4264 C,
1316 4195 1461 4266 scriptum

226 4290 282 4350 est,
305 4284 398 4338 etiam
412 4286 589 4354 perperam:
612 4279 768 4336 Francisco
788 4277 922 4336 Onofrio.
961 4293 1009 4322 -ο
1029 4280 1066 4334 In
1086 4279 1184 4335 altero
1206 4263 1352 4352 exeiizblri,
1372 4289 1463 4356 super

226 4377 361 4446 quatuor
370 4369 585 4442 praecedentia
598 4369 699 4437 teriia,
712 4371 860 4442 scriptum
874 4373 929 4424 est.-
942 4369 996 4423 Fra
1010 4368 1078 4424 Gio.
1092 4369 1223 4424 Texeda.

244 4478 442 4488 ...——-——-

287 4529 293 4554 ¹
332 4524 378 4577 Ex
392 4519 569 4576 adversariis
586 4537 674 4575 manu
693 4519 723 4574 S.
745 4519 852 4590 Ignatii
872 4520 1037 4588 castigatis,
1052 4519 1080 4574 in
1103 4519 1175 4576 Cnd.
1198 4521 1283 4578 Ii'om.
1303 4523 1326 4588 J,
1347 4541 1376 4578 n.
1397 4523 1462 4596 XC,

226 4612 310 4684 ptius
326 4623 375 4680 77,
393 4609 481 4664 unico
500 4607 580 4663 folio.
599 4609 725 4664 Exstant
743 4609 832 4664 etiam
852 4607 1020 4662 adversaria
1038 4609 1125 4680 hujus
1142 4595 1284 4678 e'pistolae
1308 4611 1337 4666 in
1359 4613 1461 4668 codice

229 4703 328 4774 Epist.
345 4699 473 4754 Polnitci
484 4715 520 4753 ex
532 4715 652 4761 comm„
670 4711 680 4752 1
697 4697 777 4768 folio,
792 4715 822 4752 n.
837 4710 883 4769 27,
897 4697 978 4769 prius
992 4699 1036 4757 28.

364 4795 469 4840 Μοκυκ.
486 4794 774 4850 lem.-E1¹1n.‚1ou.
792 4793 828 4839 11.
1315 4801 1329 4844 5
