3625 5375
614 482 729 541 Errsr.
740 480 803 553 890.
814 482 859 537 -8
877 479 1044 539 Ocroams
1064 493 1133 550 1549
1403 476 1456 576 553

254 634 318 715 nis,
343 636 549 722 temporales
575 646 652 703 tuas
672 638 856 703 facultates
876 633 1024 702 retinere
1043 634 1088 700 ad
1102 632 1168 702 Dei
1189 632 1326 699 laudem
1346 630 1487 719 poteris,
1600 716 1604 722 Ι

251 750 415 835 quamdiu
432 752 625 839 prepositus
641 752 778 821 easdem
795 749 992 819 retinendas
1006 770 1084 816 esse
1099 748 1246 816 duxerit.

314 868 391 955 Jam
408 866 483 934 aliis
499 868 567 935 tuis
587 866 836 953 questiunculis
855 868 900 935 de
919 864 1058 933 nomine
1078 864 1273 945 Societatis,
1297 864 1409 949 deque
1430 886 1487 931 re-

251 980 420 1067 ceptionis
446 981 712 1069 significatione,
742 982 861 1069 paucis
887 980 1107 1049 satisfaciam.
1137 982 1284 1049 Nostrae
1303 977 1487 1047 Societatis

251 1117 378 1166 nomen
407 1098 585 1185 tripliciter
612 1098 789 1185 accipitur.
822 1097 1102 1183 Primo'quidem
1124 1095 1351 1177 strictissime3
1378 1092 1485 1164 etsie

251 1211 361 1279 solum
379 1212 436 1281 illa
451 1212 577 1281 dicitur
592 1212 749 1285 Societas
765 1214 860 1300 Jesu,
878 1234 958 1299 que,
976 1212 1191 1300 professione
1210 1212 1322 1279 solum
1342 1208 1482 1289 emissa,

250 1326 373 1413 triplici
389 1340 471 1397 voto
487 1331 709 1419 paupertatis,
723 1329 890 1399 castitatis
900 1339 937 1397 et
947 1329 1144 1399 obedientie
1155 1338 1316 1414 quartum
1328 1325 1482 1407 adducit,

250 1447 343 1530 quod
362 1444 430 1537 [a'd]
452 1447 577 1513 summi
604 1446 776 1534 pontificis
802 1445 1011 1533 peculiarem
1039 1441 1293 1534 obedientialm]
1319 1442 1480 1528 pertinet.

248 1561 411 1629 Secundo
432 1561 636 1648 largissime3
659 1572 694 1629 et
717 1559 766 1627 sic
789 1582 909 1629 omnes
929 1559 1031 1648 illo[s]
1053 1558 1292 1647 complectitur
1313 1556 1480 1636 Societas,

248 1675 305 1760 qui
323 1678 387 1743 sub
404 1676 597 1747 obedientia
614 1677 737 1745 viuunt
752 1676 935 1765 praepositi
951 1674 1135 1763 generalis,
1154 1675 1228 1742 siue
1247 1672 1284 1740 in
1308 1671 1479 1751 domibus,

247 1790 323 1861 siue
338 1792 373 1857 in
389 1792 543 1879 collegiis
557 1792 750 1872 Societatis,
765 1790 840 1859 siue
851 1790 926 1859 aliis
938 1790 1203 1876 quibuscunque
1214 1789 1299 1856 locis
1311 1788 1479 1869 habitent,

247 1916 316 1973 tam
333 1906 404 1993 qui,
422 1909 567 1994 publicis
584 1906 673 1975 votis
689 1907 835 1987 emissis,
849 1906 986 1973 formati
998 1906 1170 1975 scolastici
1181 1907 1238 1974 vel
1249 1904 1479 1982 coadiutores‚

246 2022 300 2088 vel
317 2022 461 2107 professi
476 2022 640 2101 existunt,
658 2044 762 2107 quam
779 2022 888 2109 quiin
910 2020 1168 2107 probationibus
1188 2028 1406 2100 exercentur,
1430 2028 1479 2098 et,

180 2228 185 2235 ·
245 2135 295 2203 eis
308 2136 467 2223 peractis,
482 2140 525 2204 ad
542 2138 576 2204 id
588 2136 701 2225 ipsum
714 2137 877 2233 aspirant.
893 2136 1023 2217 Tertio,
1037 2146 1072 2203 et
1089 2136 1201 2204 medio
1216 2136 1364 2221 quodam
1379 2133 1481 2228 modo

245 2251 334 2321 inter
349 2256 413 2319 hos
429 2253 623 2335 Societatis,
642 2274 767 2341 corpus
784 2253 868 2320 illud
889 2252 1074 2339 significat,
1092 2252 1186 2337 quod
1200 2273 1243 2319 ex
1258 2249 1422 2338 professis
1446 2260 1481 2318 et

245 2367 504 2435 coadiutoribus
520 2381 555 2439 et
570 2370 759 2437 scolasticis
777 2368 930 2439 formatis
950 2379 1098 2451 constat3
1121 2390 1183 2435 eos
1204 2389 1287 2436 vero
1314 2368 1479 2434 formatos

243 2481 409 2570 intelligo,
427 2484 503 2569 qui,
520 2496 660 2573 peracto
676 2486 854 2553 minimum
874 2506 966 2553 anno
982 2506 1062 2551 cum
1077 2484 1219 2553 dimidio
1234 2483 1338 2551 variis
1353 2482 1479 2569 proba-

243 2598 406 2684 tionibus,
424 2600 561 2687 publice
576 2600 612 2667 in
628 2602 846 2670 coadiutores
861 2602 917 2667 vel
933 2600 1132 2668 scolasticos
1153 2599 1335 2669 Societatis
1356 2597 1478 2663 admit-

233 2727 374 2782 tuntur.
390 2717 482 2782 Inter
498 2720 562 2786 hos
574 2731 687 2785 tamen
705 2717 895 2786 scolasticis
908 2716 1076 2797 formatis,
1091 2727 1167 2802 post
1179 2717 1337 2783 absoluta
1349 2713 1477 2794 studia,

242 2831 308 2896 alia
323 2845 479 2926 superest
496 2834 609 2900 adhuc
625 2833 794 2920 probati0,
812 2844 850 2899 vt
866 2832 972 2920 recipi
994 2832 1029 2899 in
1046 2833 1219 2918 professos
1241 2833 1297 2900 vel
1319 2831 1422 2900 etiarn
1443 2832 1478 2901 in

244 2947 464 3014 coadiutores
482 2947 645 3015 formatos
661 2948 805 3034 possint.

311 3065 362 3128 Ex
383 3063 437 3130 his
460 3063 559 3132 facile
580 3065 624 3130 ad
644 3053 830 3131 secundam
855 3060 1130 3150 questiunculam
1153 3065 1197 3132 de
1225 3063 1477 3158 significatione

243 3177 449 3263 receptionis
465 3180 692 3265 respondebo;
707 3179 812 3266 recipi
828 3180 919 3248 enim
936 3179 971 3246 in
985 3180 1193 3248 Societatem
1201 3183 1285 3268 Jesu
1299 3180 1478 3267 tripliciter

241 3293 401 3379 accipies,
421 3306 523 3380 prout
539 3296 581 3360 ad
598 3295 808 3365 Societatem
820 3295 932 3382 primo
948 3296 1001 3362 vel
1018 3296 1171 3364 secundo
1186 3297 1242 3363 vel
1259 3296 1360 3364 tertio
1373 3299 1475 3363 modo

238 3406 365 3475 dictam
382 3409 459 3496 quis
475 3410 678 3480 admittitur.
697 3412 847 3497 Quando
864 3422 979 3479 autern
995 3410 1163 3503 simplicia
1181 3422 1260 3478 vota
1281 3412 1358 3498 quis
1379 3411 1473 3492 facit,

234 3512 280 3592 ¹ea
297 3536 411 3595 tamen
427 3525 635 3608 conditione,
655 3538 691 3593 vt
707 3527 742 3592 in
755 3527 963 3598 Societatem
980 3525 1176 3614 recipiatur,
1196 3527 1301 3614 recipi
1314 3527 1350 3592 in
1365 3527 1476 3613 primo

240 3642 294 3708 vel
322 3640 423 3709 tertio
449 3663 553 3708 sensu
581 3641 748 3730 intelligo.
780 3642 873 3728 Quia
900 3654 1017 3711 tamen
1044 3663 1114 3709 non
1138 3642 1278 3709 omnino
1306 3653 1475 3710 consonat
1551 3646 1554 3654 “

240 3757 385 3824 formula
400 3769 559 3824 votorum
576 3757 791 3846 simplicium,
810 3779 878 3844 que
893 3758 971 3824 istic
986 3755 1002 3798 ‘¹
1017 3759 1117 3840 fiunt,
1136 3778 1284 3839 cumea,
1301 3773 1406 3844 quarn
1424 3759 1474 3826 sic

241 3873 421 3960 approbari
433 3895 494 3961 pre
510 3873 633 3942 ceteris
648 3874 761 3955 videa,
777 3874 880 3942 etiarn
894 3873 1073 3941 subiiciam
1091 3885 1114 3940 ⁶.

558 4074 730 4122 FORMULA
748 4073 925 4122 VOTORUM
942 4074 1159 4121 SIMPLICIUM'

306 4224 450 4292 Creator
463 4245 559 4292 meus
572 4234 606 4292 et
618 4225 714 4291 Deus
727 4245 824 4292 meus
836 4245 876 4292 ac
890 4227 993 4292 Pater
1005 4221 1222 4309 sempiterne,
1237 4245 1305 4311 ego
1317 4226 1377 4305 N.,
1393 4225 1472 4292 licet

239 4338 399 4406 omnibus
412 4339 446 4406 in
459 4341 563 4408 rebus
577 4361 629 4407 me
642 4339 760 4408 diuino
774 4350 834 4406 tuo
847 4349 1035 4426 conspectu
1047 4339 1230 4426 indignum
1243 4340 1390 4424 videam,
1400 4343 1452 4409 fre

239 4469 294 4522 tus
311 4466 425 4522 tamen
434 4456 561 4542 pietate
570 4476 610 4522 ac
621 4455 851 4525 misericordia
865 4467 924 4522 tua
935 4455 1080 4536 infinita,
1096 4466 1130 4522 et
1142 4457 1310 4543 impulsus
1324 4456 1385 4523 tibi
1398 4478 1470 4524 ser-

289 4709 303 4750 ἀ
341 4705 406 4764 istis
420 4724 476 4763 ms.
514 4723 562 4752 ..e
583 4705 728 4780 Difficilis
739 4709 905 4764 admodum
925 4713 968 4766 est
985 4710 1072 4790 lectio
1087 4711 1193 4765 ultimi
1205 4679 1319 4767 uersus.
