3625 5375
607 464 713 521 Erlsr.
733 476 786 535 997
807 464 1049 535 b¹³·-1549·¹550
1354 460 1408 532 635

214 636 303 698 muS,
322 628 357 685 et
373 617 416 683 ad
430 617 572 685 eosdem
589 616 825 703 suscipiendos
840 616 875 683 irr
892 616 1044 686 Domino
1059 617 1295 698 adhortamur;
1313 613 1393 684 etsi
1407 615 1444 683 in

214 742 394 801 anteactae
409 731 501 801 vitae
516 733 664 802 decursu
680 732 852 818 variisque
870 732 1104 800 functionibus
1119 732 1157 799 in
1172 731 1320 831 aliquam
1339 750 1443 799 exco-

213 846 457 915 municationis
474 849 530 916 uel
546 847 783 935 suspensionis
798 847 1003 915 sententiam
1018 849 1074 917 uel
1084 840 1373 932 irregularitatem
1383 859 1444 914 aut

213 962 371 1048 quamuis
387 961 654 1035 ecclesiasticam
672 984 852 1031 censuram
869 963 1019 1032 incidere
1035 962 1196 1051 contigit,
1213 974 1252 1029 vt
1266 963 1443 1030 confesso-

214 1098 285 1146 rem
301 1078 344 1145 de
361 1079 478 1147 eadem
498 1078 672 1146 Societate
685 1078 813 1165 eligere
829 1078 953 1165 possis,
967 1078 1026 1163 qui
1038 1080 1083 1145 ab
1095 1077 1254 1145 omnibus
1266 1077 1443 1144 huiusmo-

213 1193 247 1259 di
264 1192 418 1260 censuris
434 1194 604 1277 absoluat3
623 1205 657 1263 et
673 1215 776 1280 super
792 1192 1045 1281 irregularitate
1064 1215 1294 1279 quacumque,
1312 1203 1442 1281 preter·

212 1330 314 1393 quam
342 1292 515 1377 homicidii
541 1310 738 1391 voluntarii,
761 1309 944 1398 bigamiae,
971 1321 1006 1377 et
1028 1309 1252 1377 mutilationis
1272 1309 1442 1376 membro—

213 1444 301 1507 rum,
323 1424 509 1511 dispenset,
533 1438 635 1514 prout
651 1426 749 1493 nobis
770 1425 961 1513 apostolica
983 1426 1141 1493 concedit
1157 1425 1357 1506 auctoritas,
1381 1423 1444 1490 tibi

212 1540 435 1609 concedimus
450 1551 484 1609 et
501 1541 728 1629 indulgemus.
1044 1545 1049 1557 '

279 1656 382 1740 Quod
400 1667 438 1722 ut
454 1643 489 1724 in
505 1656 613 1729 diuini
628 1658 743 1724 cultus
759 1678 800 1725 ac
816 1656 974 1744 propriae
988 1656 1209 1743 perfectionis
1225 1668 1260 1723 et
1280 1656 1442 1725 aedifica-

212 1769 314 1837 tionis
338 1770 569 1857 proximorum
595 1773 695 1839 cedat
716 1772 978 1853 incrementum,
1005 1773 1070 1841 Dei
1094 1771 1250 1839 altissimi
1273 1792 1441 1838 summam
1539 1833 1542 1840 .

211 1886 400 1955 bonitatem
417 1888 641 1974 deprecamur
657 1890 683 1957 ⁹.
1203 1953 1205 1956 ,

277 2004 405 2067 Datum
427 2004 556 2072 Rornae
578 2002 613 2068 in
635 2004 737 2069 domo
758 2002 941 2071 Societatis
956 2007 1054 2092 Jesu,
1077 2004 1197 2089 quinto
1217 2003 1295 2070 idus
1312 2006 1443 2091 Janua·

211 2116 251 2182 rii
273 2133 368 2201 1550.
609 2112 612 2123 '

278 2234 322 2299 In
338 2235 514 2321 margine.
533 2236 561 2301 F
563 2235 696 2301 acultas
712 2234 937 2320 promouendi
953 2235 998 2301 ad
1013 2234 1162 2318 ordines,
1181 2246 1250 2303 ete.

755 2380 832 2460 997
852 2376 892 2419 bis
1189 2332 1192 2337 Ι

601 2504 823 2572 ANDREAS
848 2504 1054 2571 OVIEDUS

477 2633 616 2692 PATRI
647 2634 845 2694 IGNATIO
873 2636 932 2691 DE
958 2632 1174 2694 LOYOLA¹

213 2749 251 2806 Ut
273 2751 392 2824 Borgu'a
410 2753 540 2822 possita
558 2770 747 2824 quacumque
770 2770 898 2808 censura
921 2751 1119 2809 melesiastica
1140 2752 1270 2820 absolvi,
1291 2753 1443 2824 sacrisque

229 2840 389 2896 ordinibus
398 2842 621 2897 initiari—Ad
630 2841 741 2898 calcem
756 2842 890 2898 Oviedus
901 2843 994 2899 etiam
1005 2861 1026 2897 a
1035 2841 1171 2898 censuris
1182 2841 1298 2898 absolvi
1305 2843 1412 2914 poscit.

815 2967 832 3019 †

794 3023 859 3096 Jhs.

267 3158 410 3218 Aviendo
425 3160 453 3218 el
474 3163 566 3218 serior
589 3159 645 3236 Fy.
661 3159 761 3218 Pedro
777 3167 794 3202 ⁸
819 3159 858 3216 de
883 3161 950 3236 Fay
968 3157 1154 3235 Conporta'
1177 3159 1285 3218 tenido
1308 3160 1442 3236 grandes

207 3283 316 3342 cargos
331 3285 350 3342 y
365 3267 541 3343 goviernos,
556 3286 575 3343 y
590 3267 710 3326 tratado
725 3267 875 3342 negoeios
894 3267 935 3324 de
953 3268 1066 3326 mucha
1084 3268 1284 3341 importancia
1304 3285 1324 3342 y
1342 3266 1440 3340 quali-

207 3372 279 3444 dad,
297 3391 339 3430 no
359 3372 434 3431 sabe
454 3375 478 3432 si
498 3391 590 3432 acaso
611 3375 630 3432 6
655 3391 712 3448 por
736 3373 849 3450 alguna
873 3374 1045 3450 ignorantia
1067 3374 1086 3430 6
1110 3374 1347 3446 inadvertencia,
1372 3381 1441 3445 etc,

207 3481 312 3538 oviese
327 3497 366 3537 en
381 3481 473 3557 algrln
495 3480 665 3576 tiemporde
680 3499 717 3538 su
730 3480 803 3538 vida
817 3481 972 3538 incurrido
992 3499 1031 3538 en
1045 3461 1158 3557 algriua
1177 3481 1386 3539 excomunion
1401 3481 1441 3538 de

207 3589 252 3645 las
266 3603 328 3662 que
343 3605 377 3644 se
392 3589 556 3646 contienen
577 3589 607 3646 in
627 3586 710 3645 bulla
730 3585 835 3644 «Cone
853 3586 1008 3660 Domini»;
1027 3606 1084 3663 por
1102 3588 1132 3645 lo
1154 3587 1237 3660 qual,
1262 3604 1352 3645 como
1377 3588 1441 3662 hijo

207 3713 280 3770 muy
296 3693 463 3752 obediente
478 3695 561 3752 dela
577 3701 663 3752 santa
677 3693 783 3752 madre
798 3693 925 3770 yglesia,
940 3712 979 3752 en
999 3711 1078 3770 cuya
1096 3695 1192 3752 vnidn
1210 3694 1305 3751 desea
1323 3693 1401 3752 bivir
1421 3713 1440 3770 y

258 3869 272 3896 ι
292 3853 390 3924 Super
403 3853 527 3909 verbum
538 3853 634 3908 Pedro
646 3855 759 3926 scripta
773 3856 816 3908 est
829 3853 934 3908 littera
948 3853 984 3910 R.

259 3995 271 4030 '
308 3996 372 4050 Hoc
391 4003 611 4052 monumentum
635 3994 751 4050 videtur
773 3993 910 4066 petitioni
930 3994 1111 4069 respondere
1132 3997 1171 4050 ab
1193 3994 1311 4054 Oviedo
1329 3995 1438 4066 metue,

206 4099 282 4156 quae
295 4083 395 4139 statim
408 4083 554 4156 sequitur.
656 4105 661 4112 ·

261 4253 271 4286 ¹
307 4254 351 4308 Ex
365 4262 554 4308 monumento
567 4255 605 4308 ab
618 4254 683 4326 ipso
696 4252 731 4308 Ρ.
755 4251 872 4311 Oviedo
884 4261 1017 4325 exarato,
1029 4253 1061 4310 in
1078 4254 1181 4310 codice
1204 4255 1302 4327 Epist.
1321 4255 1438 4312 Miserae

209 4341 400 4412 (ub-1548),
416 4355 428 4396 1
444 4340 505 4413 fol,
521 4358 550 4396 n·
564 4355 609 4413 97,
624 4342 706 4413 rrius
718 4341 782 4412 7⁶9·

258 4435 269 4466 ¹
307 4432 389 4487 Haec
402 4430 520 4487 nomina
531 4429 657 4485 conficta
671 4447 750 4501 esse,
761 4438 794 4485 ut
806 4429 870 4486 lieri
883 4429 971 4503 solet,
982 4430 1171 4488 manifestum
1182 4439 1239 4506 est3
1249 4430 1348 4504 agitur
1359 4434 1438 4490 enim

207 4521 244 4575 de
257 4520 414 4576 Francisco
426 4519 543 4592 Borgia,
558 4519 628 4574 olim
641 4518 833 4576 Catalauniae
847 4536 984 4592 protege,
993 4520 1129 4592 justitiae
1142 4521 1271 4592 vindice,
1281 4523 1333 4597 qui
1344 4531 1440 4579 extre·

208 4627 286 4664 mum
301 4609 478 4682 supplicium
491 4609 529 4664 de
543 4609 678 4664 sontibus
691 4607 768 4662 haud
781 4610 873 4664 semel
888 4619 1063 4682 sumpserat.
1084 4609 1130 4667 ct.
1151 4622 1374 4668 monumentum
1392 4630 1441 4668 su·

207 4717 258 4772 pra
270 4699 410 4772 positum.
