3625 5375
410 413 466 468 roz
792 407 1000 466 Monuuuurs
1019 409 1197 466 [nunnius

377 563 556 650 posesione
572 561 768 648 temporale;
787 558 893 650 perlai
910 582 930 628 a
949 561 1052 627 Mtro.
1072 559 1191 628 Pietro
1207 562 1357 647 Codapio
1373 585 1431 649 ya
1453 585 1499 629 vn
1520 565 1609 632 altro

377 681 420 746 de
432 699 522 758 casa,
537 681 591 744 eh'
610 699 695 744 sono
712 697 793 761 asay
810 674 920 742 cauaii
936 671 950 714 ⁵
966 692 1001 741 et
1017 676 1188 762 permulti
1204 677 1285 745 anni
1299 679 1334 744 in
1352 681 1471 759 Roma,
1489 691 1525 746 et
1540 680 1608 749 ieci

376 797 442 861 che
462 795 626 863 vedesero
649 793 681 860 la
701 793 798 878 copia
818 791 862 860 de
883 791 916 858 la
932 792 1013 858 buia
1028 815 1051 878 y
1066 791 1110 858 de
1126 793 1159 858 la
1174 793 1412 879 suplicatione3
1429 805 1465 863 et
1480 815 1607 862 ancora

376 911 410 977 di
431 934 451 977 a
471 912 543 976 loro
564 931 609 976 no
629 931 765 996 pareva,
783 905 883 994 depoi
905 906 949 973 de
970 907 1098 974 veduto
1118 907 1140 973 11
1164 919 1250 988 tuto,
1269 910 1337 975 che
1357 931 1416 978 era
1435 907 1608 998 visniglno

308 1039 312 1044 '
375 1027 419 1095 de
439 1025 562 1092 nisuna
583 1027 667 1092 altra
688 1023 884 1110 prouisione
907 1043 969 1109 per
990 1022 1089 1110 piliar
1112 1024 1136 1088 il
1160 1045 1298 1110 possse,
1321 1033 1435 1094 tamen
1460 1047 1504 1111 yo
1527 1028 1608 1094 dete

351 1143 521 1228 'cualque
548 1141 728 1228 parlaseno
756 1163 775 1206 a
804 1139 1007 1225 monsignor
1028 1140 1138 1206 Puteo
1157 1143 1184 1222 ²,
1207 1163 1228 1206 a
1248 1125 1451 1228 monsignor
1476 1142 1608 1208 uicario

373 1259 410 1326 S.
430 1258 556 1324 Veraio
573 1258 598 1335 ⁸,
616 1267 651 1323 et
668 1279 687 1322 a
705 1257 752 1322 M.
773 1253 855 1321 Luis
870 1255 915 1321 de
932 1253 1121 1341 Aragonia‚
1136 1258 1336 1322 mostrando
1353 1257 1386 1322 la
1399 1256 1499 1344 copia
1512 1258 1557 1325 de
1572 1259 1606 1324 la

374 1375 466 1452 bula,
482 1373 610 1458 perch*
628 1370 663 1438 in
686 1381 761 1437 tuto
785 1371 828 1436 V.
855 1369 945 1440 Sria.
971 1370 1046 1438 sose
1068 1370 1251 1439 inomato
1271 1393 1333 1457 per
1352 1371 1451 1441 venir
1474 1374 1509 1441 al
1535 1374 1605 1440 fine

373 1490 416 1557 de
433 1488 457 1554 li
472 1487 521 1554 soi
538 1487 647 1555 sancti
665 1484 824 1553 desiderii
841 1507 901 1571 per
922 1487 954 1552 la
972 1485 1028 1553 via
1044 1485 1102 1571 piu
1123 1487 1229 1555 breue
1249 1498 1284 1552 et
1305 1487 1363 1573 piu
1379 1509 1512 1569 secura,
1530 1511 1604 1555 rna-

372 1605 462 1672 xime
478 1603 624 1671 essendo
638 1602 661 1667 ii
679 1601 864 1688 magnifico
880 1603 929 1669 Μ.
953 1603 1064 1688 Joane
1085 1603 1097 1634 ⁴
1119 1603 1192 1668 cosi
1208 1604 1298 1672 bene
1313 1603 1478 1690 disposito
1491 1617 1527 1672 et
1541 1605 1604 1671 de-

372 1720 524 1788 sideroso
550 1723 615 1786 che
643 1719 675 1785 la
702 1739 807 1804 opera
836 1738 951 1803 venga
978 1719 1011 1784 ai
1036 1740 1102 1784 suo
1129 1719 1210 1805 fine.
1242 1721 1367 1788 Anche
1398 1720 1463 1786 tuti
1491 1721 1603 1804 questi

373 1835 518 1921 signori,
545 1835 691 1904 essendo
716 1854 861 1920 persone
881 1834 925 1900 de
950 1843 1044 1901 tanta
1066 1834 1253 1916 auctorite,
1275 1838 1344 1902 han
1367 1835 1605 1902 determinado

373 1971 473 2032 senon
491 1948 597 2019 dubio
613 1950 736 2016 aleuno
752 1949 816 2016 che
834 1971 901 2014 non
919 1947 947 2014 si
959 1949 1101 2017 avisono
1113 1950 1157 2015 de
1169 1949 1293 2016 nisuna
1304 1951 1391 2017 altra
1403 1949 1601 2037 diligencia,

372 2085 468 2133 come
490 2067 533 2131 V.
556 2044 794 2137 Sriassvederi
817 2087 877 2150 per
897 2064 1034 2149 aquello
1054 2066 1120 2131 che
1139 2068 1242 2132 Mtro.
1260 2066 1411 2132 Polanco
1426 2065 1559 2132 escribe
1576 2061 1622 2134 ’ᾖ

372 2181 454 2254 Cosi
471 2182 513 2248 V.
534 2179 622 2248 Sria.
641 2180 802 2247 habendo
816 2181 1067 2266 guada1glnato
1083 2180 1140 2246 nel
1156 2179 1243 2246 cieio
1259 2181 1281 2244 li
1298 2181 1474 2251 centenari
1489 2181 1534 2248 de
1549 2203 1603 2248 es·

372 2295 464 2375 cudi,
483 2317 504 2362 o
520 2297 584 2364 che
600 2295 736 2363 volleua
752 2297 940 2380 espendere
955 2317 999 2364 en
1016 2296 1050 2361 ia
1065 2316 1155 2361 nova
1170 2295 1379 2382 prouisione,
1394 2299 1544 2364 anchora
1554 2299 1603 2362 ha

372 2407 619 2498 guadughato
635 2431 677 2476 en
695 2411 727 2476 la
744 2420 845 2489 terra,
865 2433 911 2476 no
927 2411 1073 2478 essendo
1091 2409 1265 2478 necesario
1280 2411 1486 2496 expendere„

439 2529 482 2592 Et
506 2525 632 2611 perche
658 2527 701 2593 V.
719 2526 807 2594 Sria.
836 2528 880 2592 ha
904 2526 962 2611 piu
986 2546 1069 2592 cura
1093 2526 1127 2590 di
1293 2526 1363 2594 fine
1385 2536 1398 2568 ⁶
1421 2526 1455 2592 di
1479 2537 1602 2616 questa

371 2653 468 2709 santa
484 2663 599 2729 opera,
621 2661 719 2710 corne
742 2640 799 2727 piu
816 2653 930 2709 tocata
946 2642 994 2709 dii
1017 2641 1166 2729 Signore
1186 2655 1316 2723 nostro,
1341 2663 1386 2709 no
1401 2653 1493 2711 resta
1512 2642 1602 2709 altro

371 2761 447 2840 che,
465 2758 616 2825 besando
633 2758 664 2823 le
681 2780 780 2825 mane
796 2759 839 2824 de
857 2760 902 2827 V.
921 2759 1025 2839 Sria.,
1040 2758 1317 2826 recomendarme
1329 2759 1434 2825 molto
1448 2759 1481 2826 in
1495 2762 1526 2825 le
1537 2780 1603 2826 sue

370 2886 468 2943 sante
485 2872 647 2943 oracioni.
674 2926 678 2937 .

436 2988 480 3057 Di

370 3129 569 3143 n—-a———u-——·-

424 3200 437 3239 b
474 3196 520 3251 Ab
536 3195 694 3267 hispanica
708 3212 775 3249 vnce
789 3196 920 3261 eahales,
934 3196 999 3249 scil.
1015 3196 1135 3267 integri,
1149 3195 1210 3268 fidi,
1225 3196 1362 3251 omnibus
1376 3197 1505 3251 numeris
1517 3198 1602 3250 abso·

369 3282 432 3340 iuti.
472 3298 520 3327 ..c
540 3284 589 3337 Sic
602 3282 635 3337 in
650 3300 718 3348 mo.;
731 3287 759 3337 ei
772 3286 867 3354 supra
886 3283 1005 3337 uerbum
1020 3282 1049 3337 di
1067 3284 1188 3354 scripsit
1201 3282 1279 3338 dela
1298 3300 1343 3355 ως
1357 3284 1492 3367 sortasse
1505 3282 1603 3338 voluit

369 3373 511 3427 scribere:
523 3371 561 3427 de
575 3374 601 3426 la
614 3371 814 3427 conclusione.

1566 3498 1578 3527 Ι

421 3560 431 3588 ¹
472 3552 546 3607 Vide
557 3552 710 3623 epistolam
725 3550 921 3623 superiorem.
1120 3552 1131 3584 ⁸
1168 3551 1367 3624 Hieronymus
1382 3552 1527 3607 Veralius.

422 3646 432 3677 ⁸
470 3639 822 3713 JoannesLippomanus.

422 3735 432 3765 ⁵
469 3732 534 3785 Hoc
547 3732 611 3785 loco
623 3746 724 3785 rursus
734 3728 899 3787 confirmari
912 3736 1011 3802 potest
1021 3730 1097 3784 hanc
1107 3728 1264 3801 epistolam
1275 3730 1361 3786 simul
1372 3746 1439 3786 cum
1449 3730 1602 3803 superiore

369 3820 463 3877 Patris
478 3818 595 3874 Poianci
610 3818 788 3890 Lippornano
802 3818 896 3874 fuisse
911 3819 1061 3891 scriptam.
