3625 5375
548 437 651 493 Ense
672 433 940 492 382.-n1u101st·o
958 445 1047 491 suso
1067 435 1136 504 1548
1371 445 1422 503 149

226 591 340 678 tugal,
358 611 437 676 que,
456 610 554 658 como
569 543 602 658 ld
618 589 801 674 pareziere,
819 595 840 657 ό
856 611 895 658 se
909 591 1059 674 detenga
1073 609 1119 654 en
1134 587 1348 668 salamanca,
1370 593 1392 654 ό
1415 607 1454 656 se

227 707 334 774 mude
354 729 397 774 en
419 705 533 774 varios
552 707 692 792 lugares
711 705 825 772 donde
847 711 922 774 esta
942 705 976 771 la
995 707 1199 791 Comparlia,
1218 714 1302 784 eto,
1326 724 1393 770 con
1412 703 1456 770 li-

228 820 364 890 bertad.

486 1059 707 1129 PHILIPPO
732 939 934 1129 Putitijipl
957 1058 1213 1129 HISPANIAE

593 1197 681 1242 acus
701 1195 866 1241 arnimaro
886 1197 975 1241 suno
995 1184 1065 1255 1548
1079 1184 1104 1239 '¹.

343 1303 457 1358 Fausta
471 1301 576 1358 uenata
586 1301 724 1376 principi
736 1299 1193 1374 adprecatur.-Coenobiorum
1206 1299 1364 1373 virginum

503 1393 742 1448 emendationem
757 1391 822 1445 vuli
833 1391 931 1446 sidem
943 1391 1195 1448 commendatam.

796 1510 903 1596 *Jhus

307 1633 356 1700 Mi
373 1641 474 1700 senor
488 1655 530 1700 en
547 1634 579 1700 el
596 1632 707 1703 Senot
724 1643 877 1702 nuestro.

307 1749 428 1834 Segt'm
446 1749 492 1814 mi
508 1749 597 1816 baxa
613 1771 635 1836 y
650 1748 791 1816 minima
807 1746 1009 1835 profession,
1028 1770 1074 1814 no
1089 1770 1144 1816 me
1158 1749 1318 1814 ballando
1329 1769 1373 1816 en
1386 1767 1467 1813 cosa

241 1867 372 1950 alguna
388 1859 491 1932 senor
506 1865 549 1932 de
565 1869 611 1931 ml
628 1863 762 1944 mismo,
785 1864 921 1949 aquello
941 1885 1009 1950 que
1029 1867 1157 1930 mucho
1177 1885 1199 1950 y
1220 1885 1286 1930 con
1306 1863 1377 1929 mui
1397 1883 1471 1930 cre·

241 1980 320 2064 cido
344 1979 447 2072 deseo
468 1981 617 2048 deseaua
636 1981 739 2046 hazer
758 1980 1044 2066 personalmente,
1062 1984 1167 2065 pense
1188 1991 1345 2059 mostrar,
1368 2001 1403 2065 y,
1427 2001 1471 2048 en

242 2107 371 2162 cuanto
398 2099 484 2161 anil
508 2093 669 2181 possible,
692 2096 796 2162 hazer
814 2115 877 2181 por
897 2108 971 2163 esta
998 2115 1041 2160 en
1069 2095 1196 2180 alguna
1223 2115 1374 2174 manera,
1396 2101 1474 2162 esa

244 2211 358 2291 saber,
377 2233 444 2276 vna
465 2209 643 2278 uerissima
662 2231 685 2296 y
706 2208 906 2278 entranable
928 2209 1122 2277 reuerentia
1142 2231 1165 2296 y
1185 2209 1473 2292 reconocimientn

244 2333 265 2394 a
282 2327 327 2394 V.
347 2329 391 2394 A.
412 2347 453 2392 en
472 2327 503 2394 el
519 2327 629 2396 Senor
650 2335 802 2406 nuestro,
826 2329 846 2391 a
868 2329 914 2390 mi
934 2327 1062 2390 macho
1079 2343 1104 2411 y
1128 2324 1199 2390 mul
1223 2325 1474 2392 intensamente

245 2443 384 2522 deuid0,
403 2463 426 2527 y
442 2463 485 2510 en
502 2441 547 2507 mi
563 2440 676 2507 anima
692 2451 788 2509 tanto
804 2439 970 2527 impresso
985 2443 1029 2508 de
1044 2443 1187 2507 mucbos
1200 2440 1345 2525 tiempos
1357 2461 1475 2526 passa·

305 2704 312 2735 ¹
349 2697 395 2755 Ex
412 2702 590 2775 apographo,
610 2700 640 2756 in
657 2699 759 2757 codice
778 2698 875 2771 Epist.
895 2699 1025 2756 Polnnci
1041 2718 1077 2756 ex
1093 2718 1212 2765 comm„
1227 2718 1256 2755 n.
1276 2714 1321 2771 59,
1336 2700 1416 2774 prius
1428 2700 1477 2769 62,

248 2790 337 2845 unico
350 2789 420 2845 lolio
433 2807 492 2845 noa
505 2790 632 2861 integro.

303 2878 369 2935 Non
382 2879 511 2950 affigitur
522 2878 666 2951 epistolae
678 2878 845 2951 scriptionis
859 2887 986 2953 tempus3
1001 2879 1189 2947 nihilominus
1202 2877 1375 2951 conjicimus
1387 2878 1480 2935 aliun·

248 2967 287 3022 de
305 2984 371 3023 eam
388 2966 425 3023 ad
441 2984 551 3023 annum
572 2968 640 3039 1548
659 2976 804 3040 spectare,
817 2966 889 3038 quin
907 2968 997 3024 immo
1013 2968 1152 3049 scriptaps
1169 2986 1236 3023 esse
1253 2967 1405 3025 dimidiato
1419 2966 1481 3038 jam

249 3074 338 3126 anno,
353 3056 406 3111 sed
419 3066 488 3112 ante
501 3074 634 3112 mensem
648 3052 818 3115 Octobrem.
835 3056 867 3112 ld
880 3066 1045 3127 suggerunt
1062 3057 1092 3113 in
1111 3056 1212 3131 primis
1230 3060 1321 3113 verba
1338 3055 1482 3129 quaedam

250 3146 345 3217 ipsius
358 3144 512 3217 epistolae,
526 3145 634 3219 quibus
647 3146 782 3201 absentia
800 3144 928 3218 Philippi
940 3146 1081 3218 principis
1100 3164 1138 3201 ex
1156 3146 1298 3218 Hispania
1316 3144 1483 3216 attingitur:

251 3236 455 3307 n...suplico...
474 3252 507 3291 se
523 3234 614 3306 digne
631 3244 716 3291 tener
733 3222 872 3291 memoria
889 3239 976 3291 como
993 3236 1021 3290 la
1037 3236 1172 3293 ausentia
1188 3235 1226 3291 de
1244 3236 1281 3291 V.
1300 3236 1338 3291 Α.
1356 3252 1395 3290 no
1407 3236 1486 3306 haga

252 3334 335 3381 tanta
348 3324 419 3383 salta
437 3340 475 3379 en
493 3325 520 3381 la
537 3322 727 3381 reformation
743 3322 781 3379 de
798 3324 842 3380 los
860 3325 1053 3381 monasterias
1071 3323 1108 3379 de
1126 3324 1239 3397 monjas
1257 3324 1294 3379 de
1312 3324 1489 3391 Cstsluna»;

251 3432 328 3487 quae
341 3415 433 3468 verba
445 3420 527 3467 certe
537 3412 573 3467 acl
584 3410 795 3485 profectionem
806 3412 947 3485 principis
957 3412 987 3469 in
998 3414 1144 3483 Belgium,
1155 3411 1277 3471 Octobri
1289 3412 1357 3483 1548
1368 3411 1491 3481 factam,

252 3500 356 3557 referri
369 3500 493 3557 debent.
511 3500 555 3557 Ex
569 3500 693 3573 epistola
711 3518 793 3571 veru,
808 3500 882 3557 inira
899 3500 1095 3573 producenda,
1111 3501 1148 3556 ad
1161 3503 1318 3557 Araoziurn
1334 3498 1366 3555 18
1380 3502 1489 3573 Janus·

253 3592 289 3646 rii
305 3604 374 3661 1549
386 3590 465 3661 data,
478 3590 620 3645 discimus
630 3590 775 3661 ignatium
786 3606 888 3645 revera
900 3590 1034 3663 Philippo
1044 3591 1208 3663 scripsisse,
1220 3598 1251 3647 el
1261 3589 1416 3662 scripsisse
1424 3588 1489 3663 qui·

252 3681 322 3735 dem
339 3696 376 3734 eo
392 3688 536 3751 tempore,
551 3696 610 3751 quo
627 3678 664 3734 de
682 3678 892 3750 Christopboro
911 3679 1092 3747 Madruccio,
1112 3678 1253 3735 cardinali
1274 3678 1446 3750 tridentino,
1461 3679 1491 3733 in

255 3770 401 3826 sociorum
415 3767 602 3839 hispanorum
617 3768 724 3823 litteris
737 3784 833 3825 sermo
846 3767 952 3825 fiebat:
967 3768 1059 3823 «...N.
1073 3768 1106 3824 P.
1121 3768 1320 3825 entendiendo
1337 3770 1367 3825 lo
1382 3762 1440 3841 que
1452 3766 1491 3822 de

255 3862 282 3915 la
295 3857 485 3915 reformatidn
497 3876 518 3931 y
531 3856 578 3913 del
592 3856 679 3913 Catd.
693 3856 731 3913 de
743 3856 855 3913 Trento
872 3857 1001 3915 scriulan
1012 3856 1051 3913 de
1067 3858 1135 3925 alli,
1149 3858 1258 3915 scrinio
1271 3859 1297 3913 al
1312 3857 1491 3930 prlncipe...,

255 3966 277 4021 y
295 3964 348 4020 por
364 3948 392 4003 la
410 3954 563 4019 respuesta
581 3946 629 4003 del
648 3950 734 4017 veri,
749 3954 826 4003 etc.»
844 3948 911 4018 Jam
928 3946 1085 4003 cardinalis
1104 3947 1282 4003 tridentinus
1300 3934 1494 4002 Barcinonem

255 4038 410 4110 appulerat
422 4048 438 4105 5
453 4036 582 4107 Augusti
598 4036 676 4106 154&
693 4034 781 4107 unde,
794 4052 862 4091 cum
876 4035 996 4107 nuptias
1007 4035 1129 4093 iecisset
1139 4036 1330 4091 Maximiliaai
1344 4046 1375 4091 et
1388 4034 1498 4091 Mariae

257 4124 444 4195 Austriscas,
454 4124 621 4197 Philippum
635 4124 797 4197 principem
809 4124 968 4181 comitatus
980 4124 1069 4180 solvit
1081 4136 1113 4194 17
1123 4124 1273 4184 Octobris.
1288 4126 1386 4181 Fsasu
1399 4136 1443 4178 us
1455 4136 1497 4179 sn

257 4216 358 4276 Pais,
372 4214 486 4270 Anulis
497 4216 534 4271 ds
549 4212 715 4277 Catalutict,
730 4222 752 4269 t.
766 4212 821 4281 111,
836 4230 920 4285 pags.
937 4212 1072 4284 188,189.
1086 4215 1169 4269 Haec
1179 4215 1271 4284 igitur
1281 4213 1357 4269 inter
1371 4230 1404 4268 se
1417 4228 1495 4267 com·

258 4312 407 4377 parantes,
422 4302 605 4375 suspicamur
617 4304 693 4359 lianc
706 4302 862 4374 epistolam
880 4319 949 4359 esse
961 4301 1108 4373 eamdem,
1120 4321 1208 4377 quam
1222 4302 1354 4371 ignatius
1373 4300 1501 4356 Araozio

258 4391 407 4465 significat
419 4408 453 4447 se
466 4390 503 4447 ad
518 4390 680 4463 principem
693 4391 856 4465 scripsisse,
873 4400 962 4464 atque
975 4390 1113 4464 scriptam
1131 4392 1221 4447 etiam
1239 4408 1307 4447 esse
1321 4398 1391 4447 ante
1404 4388 1500 4462 proie-

259 4482 389 4539 ctionem
402 4480 544 4553 principis
557 4480 588 4537 in
602 4479 747 4551 Belgium,
762 4497 821 4553 quo
834 4480 950 4536 scilicet
963 4488 1096 4553 ternpore
1113 4480 1299 4537 Msdruccius
1313 4480 1343 4535 in
1356 4476 1504 4551 Hispania

260 4572 444 4629 versabatur.
460 4570 532 4625 Eam
546 4586 632 4643 porro
645 4576 712 4641 post
726 4568 907 4641 superiorem
922 4568 959 4624 ad
973 4570 1130 4625 Araozium
1142 4570 1286 4644 ponimus,
1299 4569 1368 4641 quia
1378 4566 1408 4623 in
1424 4574 1504 4623 utra·

260 4678 319 4733 que
332 4659 369 4716 de
381 4658 537 4717 coenobiis
552 4646 816 4717 barcinonensibus
827 4658 938 4730 agitur.
