3625 5375
556 474 659 531 Errsr.
678 471 815 543 tel-*²3
834 474 980 530 Aueusrr
1001 472 1069 541 1548

779 682 844 765 441

316 828 471 893 PATER
489 827 705 916 JOANNES
728 827 791 893 DE
815 824 1043 893 POLANCO
1067 827 1130 895 EX
1155 828 1308 899 COMM.

380 948 509 1009 SOCIIS
523 947 689 1009 LOVANlI
703 950 752 1005 ET
766 947 975 1007 COLONIAE
987 950 1242 1009 DEGENTIBUS
1312 1002 1319 1017 ,

606 1078 693 1122 notra
709 1064 742 1119 28
756 1078 895 1123 nucusrr
916 1065 984 1135 1548
999 1066 1018 1121 ¹.

158 1199 161 1207 '
197 1190 243 1246 Dc
255 1192 356 1247 morbo
369 1197 397 1246 et
411 1192 467 1265 pia
485 1196 583 1247 morte
597 1190 707 1263 jacobi
731 1188 942 1247 Umatia-De
962 1190 1053 1262 hujus
1068 1192 1275 1265 fretra-De
1296 1194 1428 1264 quodam

250 1280 561 1352 christophoro—Da
580 1280 725 1351 Henrico,
744 1281 777 1334 in
796 1297 960 1334 numerum
978 1283 1128 1335 sociorum
1150 1298 1209 1335 nnn
1228 1283 1430 1345 admittendo,

248 1370 417 1426 inconsulto
433 1370 567 1444 ignatio.

794 1484 810 1537 i
870 1522 875 1533 .
910 1530 915 1535 .

744 1569 749 1581 ν
771 1540 849 1627 Jhs

264 1672 381 1739 Gratia
401 1684 435 1741 et
451 1694 517 1758 pax
533 1674 576 1739 D.
598 1674 642 1741 N.
661 1674 744 1759 Jesu
761 1670 817 1739 Χ.ἱ
834 1692 912 1738 cum
929 1670 1090 1737 omnibus
1106 1671 1219 1739 nobis.
1239 1674 1360 1742 Amen.

265 1790 296 1879 Α
314 1786 429 1853 multis
445 1786 567 1855 diebus
584 1786 667 1853 nihil
684 1786 872 1855 litterarum
890 1810 910 1852 a
926 1786 1024 1853 vobis
1041 1788 1251 1873 accepimus,
1269 1789 1346 1855 Rdi.
1361 1790 1430 1855 Pa-

199 1917 267 1973 tres
282 1926 322 1970 ae
340 1907 462 1971 iratres
478 1904 513 1969 in
531 1904 595 1971 X.⁰
611 1903 813 1971 charissimi.
833 1902 1005 1969 Fortassis
1021 1902 1056 1968 id
1071 1902 1210 1983 accidit,
1225 1905 1318 1988 quod
1330 1904 1428 1973 breui

198 2022 294 2087 viuas
311 2022 441 2087 litteras
457 2042 611 2087 essemus
628 2022 770 2085 fratrum
792 2021 860 2085 huc
882 2018 1093 2086 venientium
1115 2030 1304 2105 conspectu
1324 2030 1429 2107 atque

197 2136 365 2221 colloquio
386 2135 509 2202 lecturi
530 2148 555 2201 ⁸.
580 2136 688 2203 Nobis
709 2146 838 2213 autem,
861 2134 941 2201 licet
958 2134 1094 2219 negocii
1113 2134 1199 2199 nihii
1218 2136 1289 2203 fere
1305 2156 1428 2202 occur-

198 2266 260 2335 rat,
278 2255 323 2321 de
338 2273 380 2321 eo
396 2264 490 2321 certe
506 2250 711 2319 admonendi
728 2248 742 2289 b
758 2250 822 2317 visi
839 2250 933 2328 estis,
952 2251 1043 2335 quod
1060 2252 1156 2317 Deus
1172 2251 1215 2316 ad
1231 2272 1309 2317 sese
1324 2272 1428 2317 voca-

197 2391 233 2437 re
249 2368 413 2455 dignatus
429 2378 483 2435 est
499 2365 736 2433 charissimum
757 2368 892 2433 Patrem
910 2375 945 2431 et
966 2367 1106 2433 fratrem
1126 2376 1281 2431 nostrum
1302 2368 1347 2435 D.
1365 2370 1427 2456 Ja-

197 2487 321 2551 cohum
335 2482 379 2551 de'
390 2483 564 2563 Gildonia‚
580 2482 679 2549 cuius
692 2482 843 2548 vitatam
857 2492 1031 2567 spectatae
1048 2481 1184 2547 virtutis
1197 2482 1273 2563 fuit,
1290 2492 1428 2570 tamque

195 2600 284 2669 serio
313 2600 467 2688 impensa
495 2597 613 2665 diuino
638 2598 790 2677 seruitia,
821 2608 857 2663 vt
885 2598 1007 2663 merito
1034 2597 1222 2683 preciosam
1251 2597 1325 2665 eius
1352 2620 1428 2665 esse

196 2729 339 2784 mortem
364 2717 397 2783 in
418 2725 606 2802 conspectu
623 2713 761 2782 Domini
777 2716 803 2794 ²,
823 2736 886 2781 nec
905 2713 968 2799 ipsi
989 2725 1136 2793 tantum,
1155 2715 1267 2781 sedet
1284 2715 1427 2784 totiSo·

195 2833 310 2902 cietati
333 2833 461 2912 vtilem,
488 2834 576 2898 hanc
597 2842 610 2872 ²
630 2841 785 2898 terrenae
807 2829 1027 2896 habitationis
1053 2851 1132 2895 cum
1161 2831 1280 2896 celesti
1307 2853 1428 2897 comu-

195 2949 358 3016 tationem
376 2961 548 3034 putemus.
567 2947 625 3014 Sic
640 2946 730 3012 enirn
752 2945 872 3012 stabile
896 2947 968 3013 sore
989 2946 1181 3012 aedificium
1203 2958 1341 3014 nostrae
1360 2949 1427 3016 So·

194 3065 329 3134 cietatis
345 3065 389 3130 ad
404 3064 547 3150 gloriam
560 3063 629 3130 *Dei
646 3062 829 3142 credimus
848 3063 875 3127 si
893 3061 1012 3142 firmis,
1030 3063 1149 3128 nonin
1168 3074 1257 3128 terra
1280 3073 1425 3144 tantum,

194 3184 311 3249 sedet
332 3180 349 3222 ἀ
367 3182 401 3246 in
424 3182 534 3258 coelo,
557 3178 725 3246 columnis
748 3177 917 3258 fulcietur3
937 3189 970 3243 et
988 3190 1083 3244 tanto
1104 3180 1238 3244 fructus
1254 3179 1428 3247 vberiores

194 3321 236 3366 ex
264 3321 305 3364 ea
333 3308 580 3383 prouenturos,
610 3307 737 3379 quanto
766 3294 896 3360 radices
922 3293 1102 3379 utrobique
1132 3294 1275 3360 maiores
1302 3295 1425 3382 egerit,

194 3435 382 3498 speramus.
406 3413 487 3490 Sed,
518 3423 554 3475 vt
582 3411 701 3496 paucis
730 3409 910 3474 transitum
931 3409 1139 3476 describam:
1165 3431 1245 3474 cum
1267 3433 1287 3476 e
1311 3411 1427 3478 Sicilia

196 3530 351 3608 Romam,
371 3528 413 3592 ad
430 3549 493 3592 vos
512 3524 791 3604 transmitenduS,
811 3527 876 3590 sub
894 3525 996 3592 finem
1014 3525 1133 3590 estatis
1149 3526 1303 3611 preteriti
1320 3526 1427 3592 eanni

196 3643 365 3725 rediisset,
385 3642 498 3708 statim
517 3639 787 3708 valetudinarius
804 3663 879 3710 esse
895 3640 998 3726 cepit,
1017 3653 1051 3707 et
1068 3642 1161 3708 lento
1183 3643 1344 3726 quodam,
1367 3644 1428 3710 sed

193 3759 323 3826 difficili
345 3760 465 3825 morbo
487 3759 537 3824 sic
559 3757 661 3838 affici,
686 3771 734 3838 vt,
754 3781 814 3844 per
832 3769 941 3824 totum
958 3771 1162 3826 autumnum
1179 3772 1215 3826 et
1230 3760 1377 3826 hiemem
1394 3770 1429 3826 et

196 3909 408 3920 ...n—...fi-

248 3999 261 4024 2
300 3983 388 4038 Deest
411 3981 589 4036 inaniter.»
626 3984 677 4025 -b
697 3981 856 4038 admonere
874 3982 965 4036 aiter.
1003 3996 1052 4025 -0
1071 3981 1162 4038 Deest
1179 3983 1211 4036 in
1230 3983 1356 4038 latter.»
1395 4016 1427 4024 «-

192 4071 207 4111 d
227 4069 318 4124 Deest
332 4071 365 4124 in
381 4070 506 4124 latter.»
545 4083 593 4111 —0
612 4067 761 4141 praesenti
774 4067 839 4140 [sic]
856 4069 947 4124 aiter.

250 4261 257 4291 ¹
297 4257 340 4311 Ex
353 4255 529 4312 adversariis
543 4255 732 4328 autographis
747 4257 779 4312 P.
796 4257 927 4327 Polanci,
941 4259 979 4311 ab
992 4250 1096 4312 eodem
1115 4258 1201 4313 valde
1218 4258 1383 4329 castigatis,
1398 4261 1428 4313 in

192 4345 296 4402 codice
311 4345 407 4418 Epist.
423 4346 553 4400 Poianci
565 4363 602 4400 ex
617 4363 737 4410 comm„
753 4363 782 4400 n.
797 4345 842 4416 81,
856 4346 938 4418 prius
951 4345 995 4418 87,
1012 4347 1098 4401 unico
1112 4346 1192 4401 lolio.
1208 4348 1343 4402 Habetur
1360 4365 1428 4421 apo-

191 4435 337 4507 graphum
351 4434 380 4489 in
393 4434 465 4494 Cod.
480 4433 584 4508 Calon.
598 4436 657 4498 III,
672 4449 688 4490 2
702 4435 748 4506 ft,
759 4451 883 4508 quorum
898 4435 979 4507 prius
992 4454 1021 4492 n.
1036 4451 1072 4505 49
1085 4434 1289 4506 distinguitur,
1302 4438 1427 4492 alterum

193 4541 265 4580 vero
282 4541 386 4596 purum
400 4532 460 4578 est.
479 4523 575 4579 Breve
593 4523 671 4579 illius
689 4525 888 4595 summarium¹
909 4524 988 4598 quod
1008 4524 1131 4580 inferius
1149 4525 1263 4591 damus,
1283 4533 1380 4581 exstat
1398 4526 1429 4582 iu

190 4611 295 4667 codice
308 4613 426 4685 Regast.
442 4613 469 4680 1,
482 4611 531 4668 fol.
551 4625 625 4682 159r,
641 4629 718 4669 vers.
734 4625 828 4683 47·50,
843 4630 931 4668 manu
945 4613 978 4668 P.
993 4613 1113 4668 Polanci
1127 4614 1279 4686 scriptum.
1357 4661 1360 4668 .

246 4706 257 4737 ¹
296 4701 342 4758 Cf.
358 4701 409 4758 Ps.
425 4699 517 4773 CXV,
535 4714 577 4770 ¹5·
