3625 5375
499 469 602 524 Eersr.
622 467 686 537 326,
706 465 759 538 327
779 479 820 526 er
837 466 974 524 §ze-28
993 467 1120 525 Aemus
1142 467 1236 536 1548,
1398 481 1435 536 99

231 629 351 686 cartas
366 620 421 689 del
437 619 625 690 cardenal³
644 627 726 707 para
743 620 779 694 ,61
798 641 819 707 y
841 641 923 706 para
940 641 983 686 eu
1007 619 1175 706 prouisor,
1193 620 1322 686 mucho
1341 638 1465 687 encar-

234 735 389 820 gindole
405 757 472 820 que
487 733 600 816 visite,
619 746 688 804 etc,

309 855 394 920 Mes:
414 871 481 936 que
496 853 549 918 las
564 853 667 922 letrae
681 853 725 919 de
741 857 803 922 act
818 874 839 937 y
856 851 900 920 de
915 852 981 918 alie
997 851 1147 920 abriesse
1162 857 1182 917 t
1198 872 1241 918 su
1256 852 1382 937 plazer.
1439 880 1442 885 ·

812 1007 889 1089 326

418 1139 445 1204 F
449 1138 683 1208 RANClSCO
710 1139 919 1207 BORGIAE
939 1138 1052 1206 DUCI
1075 1137 1291 1206 GANDIAE

649 1275 737 1318 nom
757 1261 931 1317 28tr1r1us
954 1261 1021 1331 1548
1040 1263 1060 1317 ¹.

361 1377 406 1433 De
420 1377 531 1432 litteris
546 1359 732 1452 Philippiis
744 1379 785 1462 “fi
797 1381 973 1449 supremum
988 1381 1159 1432 venetorum
1178 1378 1350 1433 concilium.
1369 1458 1372 1465 .

308 1493 549 1562 Gaudia-Al
565 1495 681 1580 duque
697 1492 844 1564 escriuiti
859 1495 889 1562 el
912 1494 953 1564 P.
976 1496 1078 1561 Mtro.
1101 1493 1241 1582 lgnacio
1263 1495 1358 1562 dela
1380 1496 1467 1564 letra

234 1609 298 1676 del
315 1609 465 1697 principe
482 1633 563 1698 para
579 1609 612 1676 la
628 1614 764 1677 setloria
779 1611 823 1676 de
839 1607 992 1677 Venecia
1008 1609 1033 1691 ¹,
1050 1631 1073 1694 y
1089 1621 1182 1676 otras
1200 1631 1311 1677 εοεαε.

818 1754 894 1836 327

560 1861 700 1954 PATRI
724 1887 951 1956 ANDREAE
974 1887 1155 1956 oweno

660 2021 750 2068 noni
764 2009 798 2065 28
811 2022 933 2066 tentus
949 2009 1016 2081 1548
1030 2011 1051 2069 ¹.

302 2125 455 2197 Epistulae
467 2126 623 2198 exernptar
632 2143 668 2182 ex
685 2125 772 2190 Urbe,
786 2127 828 2180 ad
840 2127 1005 2180 Araozium
1018 2127 1120 2190 datae,
1138 2125 1252 2181 Oviedo
1265 2125 1411 2182 mittitur.

310 2239 562 2332 [Gaudia.]-A
579 2243 680 2308 Mtro.
697 2241 835 2308 Andres
850 2263 888 2309 se
903 2241 998 2308 iniit
1013 2243 1045 2307 la
1061 2241 1160 2327 copia
1175 2241 1218 2308 de
1234 2243 1266 2309 la
1287 2241 1471 2310 imbiada't

199 2447 206 2458 ,
242 2359 359 2424 Araoz
376 2358 476 2423 sobre
492 2359 542 2424 los
558 2357 704 2426 lectores
720 2359 763 2422 de
778 2357 916 2425 Gaudia
930 2359 958 2439 ⁸,
975 2380 999 2443 y
1013 2379 1082 2442 que
1097 2360 1188 2444 haga
1208 2379 1349 2426 recurso
1369 2360 1401 2426 al
1417 2359 1470 2428 di-

240 2473 313 2538 cho
334 2472 373 2538 P.
398 2475 512 2540 Araoz
535 2494 579 2539 en
599 2473 633 2538 lo
652 2495 720 2557 que
740 2482 817 2540 toea
841 2478 861 2538 tt
881 2484 974 2540 estos
993 2473 1152 2555 lectores,
1170 2495 1301 2559 porque
1316 2495 1383 2540 con
1399 2481 1472 2541 mis

241 2588 418 2656 breuedad
431 2610 495 2673 aya
508 2601 685 2675 respuesta
697 2588 741 2654 de
753 2589 787 2654 lo
799 2609 866 2671 que
878 2589 1025 2680 cumple,
1040 2589 1109 2674 ylo
1121 2600 1213 2656 tome
1227 2595 1298 2656 mis
1311 2596 1332 2656 ά
1344 2592 1472 2676 pechos

237 2702 275 2773 el
291 2724 421 2770 mesmo
439 2706 563 2771 Araoz.

819 2823 896 2903 328

589 2954 730 3020 PATRI
749 2952 938 3041 JACOBO
964 2955 1129 3021 MIRONI

662 3088 751 3133 ttoni
765 3074 799 3131 28
812 3050 933 3131 litters
949 3076 1017 3145 1548
1030 3078 1051 3135 ¹.

232 3194 368 3265 Jubetur
380 3194 461 3249 Miro
473 3192 601 3267 seligere
613 3192 694 3248 inter
706 3192 893 3248 scholasticos
900 3192 1033 3265 fratres,
1045 3193 1099 3264 qui
1110 3195 1228 3250 artium
1242 3212 1365 3250 curium
1374 3198 1473 3268 confe-

294 3284 402 3347 cerint,
416 3282 558 3339 &onerem
571 3282 766 3355 magistrum,
781 3282 834 3355 qui
845 3284 965 3339 easdem
978 3282 1158 3354 disciplinas
1170 3282 1310 3341 Gandiae
1321 3287 1435 3341 tradat.

310 3398 612 3467 valente-Este
630 3400 687 3465 dia
702 3420 747 3475 ¹se
766 3398 900 3465 escriue
921 3404 942 3465 6
963 3399 1075 3465 Μίτόῐι
1096 3420 1163 3483 que
1183 3400 1320 3485 apareie
1340 3422 1409 3468 vno
1429 3404 1472 3469 de

297 3552 307 3583 ³
346 3550 474 3620 Joannes
488 3548 661 3603 Alvarezius
675 3548 712 3603 de
725 3548 841 3620 Tolet0,
859 3549 1015 3605 cardinalis
1028 3550 1196 3621 burgensis,
1212 3551 1258 3606 De
1270 3553 1388 3624 litteris,
1403 3571 1472 3627 qua-

241 3656 307 3695 rum
321 3640 368 3695 hic
380 3638 414 3693 fit
428 3638 550 3707 mentio,
564 3636 720 3693 videantur
735 3638 833 3711 Epist.
853 3640 979 3703 Mixtae,
995 3640 1034 3706 11,
1050 3639 1086 3709 ’56
1097 3647 1129 3695 et
1142 3652 1187 3709 57.

300 3786 307 3817 ¹
344 3780 389 3837 Ex
407 3780 508 3836 codice
527 3780 646 3853 Regest.
671 3780 694 3845 l,
718 3778 769 3836 iol.
795 3782 876 3851 146v,
900 3800 978 3837 vers.
1000 3780 1035 3851 34
1053 3791 1082 3837 et
1100 3780 1146 3852 35,
1169 3793 1236 3856 post
1258 3786 1412 3856 epistolam
1437 3785 1471 3842 28

244 3872 355 3944 Aprilis
369 3870 518 3943 scriptam.

297 3966 308 3995 ²
346 3958 391 4017 Cf.
407 3958 505 4031 Epist.
521 3957 646 4021 Minicia,
661 3958 683 4025 1,'
698 3958 763 4028 466,
775 3972 839 4029 570.
854 3960 900 4015 De
917 3959 1076 4016 bisantem
1094 3962 1234 4035 principis
1247 3962 1375 4036 Philippi
1392 3963 1472 4020 litte-

244 4050 295 4119 ris,
309 4048 346 4104 ad
365 4059 539 4103 venetorum
556 4046 673 4117 ducem,
691 4048 805 4119 Ignatio
820 4048 881 4120 jam
898 4047 1033 4119 redditis,
1047 4067 1140 4121 nuper
1153 4060 1199 4107 est
1217 4051 1295 4108 tacta
1312 4052 1423 4108 mentio
1441 4054 1472 4109 in

242 4139 368 4211 epistole
381 4136 417 4193 ad
431 4136 576 4209 Lainium,
592 4148 623 4190 21
639 4136 749 4209 Aprilis
761 4136 839 4191 deta.

300 4282 306 4314 ¹
346 4282 389 4336 Ex
403 4278 505 4336 codice
522 4278 637 4351 Regest.
653 4279 677 4343 I,
692 4278 743 4333 fol.
761 4279 841 4349 146v,
861 4295 939 4333 vers.
957 4276 1051 4350 3539,
1070 4280 1147 4337 inter
1160 4282 1300 4355 epistolas
1314 4283 1348 4338 28
1361 4285 1472 4357 Aprilis

294 4372 300 4383 “
354 4388 378 4425 s.

242 4378 420 4515 scriptam
433 4460 521 4531 paulo
535 4466 615 4527 ante,
629 4455 784 4529 epistolam
799 4450 832 4525 25'
848 4456 967 4529 Aprilis.

299 4608 307 4639 ¹
344 4602 388 4659 Ex
400 4600 504 4657 codice
519 4600 637 4674 Rogat.
653 4600 677 4664 I,
692 4598 742 4657 tol.
766 4599 846 4669 146v‚
866 4616 942 4660 vers.
963 4616 1057 4669 40·42,
1071 4602 1148 4657 inter
1159 4572 1300 4677 epietolae
1314 4607 1348 4662 28
1362 4608 1472 4681 Aprilis

244 4692 380 4765 scriptas.
