3625 5375
796 409 1005 477 Monuuautn
1024 407 1202 475 mutarent

953 616 1039 697 444

665 758 807 861 PATRI
823 758 850 824 F
853 755 1090 824 RANCISCO
1108 756 1330 823 STRADAE

770 911 858 982 noun
875 911 886 953 1
903 908 1099 955 sarrauaats
1116 894 1184 967 1548
1198 896 1218 952 ¹.

376 1013 524 1097 Siradrim
538 1037 676 1095 admittit
690 1035 832 1109 ignatius
845 1032 879 1091 iu
892 993 1103 1104 coadjutorius
1118 1033 1325 1115 spiritualem,
1339 1034 1424 1110 etque
1438 999 1566 1107 gratius
1580 1052 1621 1091 oc

524 1125 704 1198 facultates,
718 1142 739 1179 a
750 1126 818 1181 sede
831 1120 997 1197 apostolica
1012 1115 1157 1178 Societati
1169 1139 1330 1188 cmrcessas,
1344 1123 1463 1179 tribuit.
1479 1130 1482 1135 ’

446 1260 658 1331 Charissimo
674 1260 770 1328 fratri
787 1260 822 1325 in
838 1256 979 1327 Christo
992 1259 1083 1346 Jesv
1095 1258 1138 1325 D.
1151 1258 1209 1338 N.,
1222 1256 1408 1325 Francisco
1419 1259 1464 1325 de
1475 1259 1619 1340 Strada,

381 1379 529 1447 salutem
547 1377 580 1443 in
598 1377 749 1445 Domino
760 1358 1018 1463 sempiternam.

449 1494 539 1562 Cum
557 1492 684 1578 hi,'qui
700 1490 948 1579 professionem
972 1488 1008 1555 in
1027 1487 1170 1558 minima
1188 1501 1308 1559 nostra
1327 1489 1499 1560 societate
1514 1490 1618 1559 emit-

384 1622 476 1693 tunt,
497 1611 541 1677 ob
553 1608 717 1677 diuturna
732 1607 846 1675 studia
867 1619 902 1674 et
923 1604 1141 1692 probationes
1156 1603 1440 1693 conditionesque
1459 1605 1543 1674 alias
1560 1628 1617 1675 re-

384 1723 541 1809 quisitaS,
559 1724 740 1813 pauciores
755 1723 837 1802 sint,
854 1744 957 1808 quarn
974 1731 1012 1789 vt
1027 1719 1160 1807 possint
1178 1719 1348 1791 desiderio
1370 1732 1487 1788 nostro
1502 1721 1536 1787 in
1553 1742 1619 1789 ex-

381 1842 525 1909 colenda
540 1839 705 1908 latissima
719 1836 860 1921 Domini
876 1836 990 1919 vinea,
1007 1848 1043 1905 et
1059 1836 1175 1918 multis
1192 1837 1433 1926 undecumque
1451 1836 1620 1924 operariis

381 1956 571 2043 indigente,
589 1955 798 2036 satisfacere3
817 1953 945 2041 placuit
965 1950 1140 2022 sanctitati
1152 1950 1292 2021 Domini
1317 1952 1438 2033 nostri,
1462 1953 1616 2043 supremi

383 2071 554 2159 pontificis
570 2074 610 2139 a‘c
626 2070 754 2139 Christi
771 2068 901 2151 vicarii,
920 2070 1119 2137 facultatem
1135 2067 1235 2135 nobis
1250 2068 1453 2139 admittendi
1473 2069 1617 2136 coadiu-

385 2199 488 2269 tores‚
507 2209 654 2274 quorum
671 2209 786 2275 opera,
806 2202 878 2253 tum
902 2184 937 2253 in
953 2184 1187 2272 spiritualibus
1203 2186 1248 2251 ad
1263 2184 1411 2270 plurium
1427 2182 1618 2252 animarum

384 2292 561 2384 auxilium,
581 2314 653 2370 tum
671 2300 714 2370 in'
725 2301 970 2389 temporalibus
985 2301 1030 2367 ad
1042 2300 1226 2370 Societatis
1237 2289 1525 2382 subleuation'em‚
1543 2313 1620 2370 vte-

386 2440 510 2499 remur,
532 2420 577 2487 de
610 2416 825 2506 benignitate
856 2416 1043 2504 apostolica
1071 2416 1393 2500 concedere-atque
1420 2416 1617 2504 indulgere;

384 2554 447 2601 nec
465 2545 598 2601 tantum
612 2548 650 2601 vt
665 2533 846 2603 admittere
862 2532 976 2620 (modo
992 2531 1028 2597 in
1043 2529 1166 2600 litteris
1180 2531 1376 2618 apostolicis
1391 2533 1566 2618 expresso)
1583 2545 1620 2603 et

384 2650 570 2738 participes
585 2650 728 2739 ope'rum
743 2648 896 2718 omnium
913 2660 949 2718 et
964 2648 1163 2717 meritorum
1179 2647 1285 2716 huius
1305 2647 1488 2718 societatis
1505 2650 1621 2718 facere

385 2788 576 2853 possemne,
594 2789 713 2837 verum
730 2777 767 2832 vt
780 2765 988 2852 quibusdam
1007 2787 1052 2833 ex
1072 2765 1134 2844 eis,
1152 2764 1209 2851 qui
1231 2766 1275 2830 ad
1300 2766 1366 2830 hoc
1382 2765 1496 2832 idonei
1522 2766 1619 2834 vide·

385 2896 517 2964 rentur,
537 2883 728 2963 facultates,
748 2881 876 2970 gratias
896 2879 1206 2965 auctoritatemque
1227 2900 1377 2961 omnem,
1396 2882 1439 2946 ab
1455 2881 1620 2967 apostoli·

385 3018 426 3064 ca
439 2999 520 3067 sede
537 2996 618 3064 huic
634 2997 799 3067 Societati
815 3017 1028 3076 concessam,
1042 2996 1079 3062 in
1095 3006 1168 3062 toto
1179 2995 1234 3065 vel
1250 2993 1285 3061 in
1298 3008 1408 3082 parte,
1423 2997 1565 3083 perinde
1577 3019 1620 3064 ac

387 3112 415 3178 si
433 3113 578 3198 professi
593 3124 720 3194 essem,
739 3110 995 3180 communicare
1010 3111 1197 3179 valeamus.

454 3229 543 3295 Cum
564 3210 651 3316 ergo
672 3229 791 3298 eadem
814 3249 876 3294 nos
896 3226 971 3296 sitis
991 3237 1114 3316 urgeat
1139 3223 1248 3292 diuini
1276 3226 1417 3294 honoris
1440 3249 1481 3294 ac
1500 3228 1623 3295 salutis

386 3342 589 3424 animarum,
607 3343 664 3411 cui
680 3354 714 3413 et
730 3343 963 3429 operariorum
980 3341 1078 3427 copia
1094 3353 1129 3410 et
1148 3342 1348 3435 eorumdem
1364 3343 1553 3409 auctoritas
1569 3355 1620 3412 est

387 3459 653 3547 pernecessaria,
679 3480 829 3545 cumque
856 3458 1040 3546 plurimum
1061 3459 1097 3525 in
1117 3457 1267 3526 Domino
1287 3459 1503 3547 confidamus
1529 3459 1620 3544 quod

388 3575 577 3643 christiane
588 3575 679 3643 vitae
691 3576 850 3662 exemplo
862 3587 896 3642 et
910 3573 1078 3642 catholica
1090 3595 1130 3640 ac
1141 3573 1197 3662 pia
1213 3573 1369 3672 doctrina
1380 3573 1532 3641 diuinam
1544 3576 1619 3661 glo·

388 3691 471 3758 riam
489 3691 787 3776 proximorumque
804 3689 1015 3776 spiritualem
1030 3690 1222 3777 profectum
1239 3689 1287 3756 sis
1301 3701 1536 3777 promoturus;
1551 3702 1621 3757 sta-

388 3807 517 3873 tuimus
533 3805 567 3872 in
584 3793 705 3874 eodem
721 3803 860 3872 domino
878 3816 995 3872 nostro
1007 3806 1098 3893 Jssv
1119 3804 1259 3871 Christo
1277 3817 1310 3872 te
1331 3805 1366 3871 in
1387 3805 1619 3874 coadiutorem

386 3921 598 4009 spiritualem
622 3921 723 4007 juxta
753 3919 1018 3988 constitutiones
1046 3918 1230 3988 Societatis
1259 3920 1456 4001 admittere,
1488 3921 1622 4007 tibique

387 4037 541 4103 omnium
557 4047 592 4105 et
606 4055 749 4122 operum
766 4048 802 4102 et
817 4035 1017 4102 meritorum
1034 4033 1341 4122 participationem,
1355 4037 1417 4103 sed
1434 4047 1469 4102 et
1491 4035 1621 4124 gratia·

388 4175 462 4218 rum
480 4171 520 4219 ac
545 4151 745 4218 facultatum
769 4133 1053 4234 auctoritatisque
1076 4149 1200 4230 omnis,
1218 4150 1329 4218 eidem
1350 4162 1489 4220 nostrae
1507 4150 1620 4220 Socie-

390 4267 450 4334 tati
465 4289 525 4353 per
541 4264 704 4352 prepositi
721 4264 829 4352 ipsius
845 4263 1137 4352 dispensationem
1151 4287 1171 4331 a
1183 4248 1267 4335 sede
1278 4266 1471 4353 apostolica
1481 4289 1621 4336 conces·

387 4403 458 4462 sae,
485 4380 667 4470 priuilegia
688 4381 856 4465 conferre,
880 4392 919 4446 vt
945 4380 996 4449 eis
1019 4382 1062 4447 ad
1083 4381 1347 4466 edificationem,
1365 4383 1454 4451 sicut
1481 4383 1623 4450 omnino

442 4545 450 4575 ¹
490 4545 534 4600 Ex
555 4543 736 4616 apographo,
754 4541 784 4598 in
802 4541 905 4598 codice
924 4541 997 4598 Litt.
1016 4547 1147 4614 patent,
1165 4543 1252 4600 unico
1265 4542 1346 4612 folio,
1361 4542 1524 4617 antiquitus
1537 4563 1567 4600 n.
1580 4543 1622 4599 lv

390 4634 518 4702 signato.
573 4679 576 4686 ,
653 4678 655 4685 .
