3625 5375
432 490 484 561 558
792 560 793 569 ἵ
811 488 1018 546 Monurrsnnr
1037 488 1222 543 lounrmnn

462 644 537 711 Nos
551 664 647 729 erg0,
667 662 747 709 cum
763 642 806 709 de
822 654 882 710 tua
897 640 1025 730 pietate
1040 653 1075 709 et
1090 641 1286 727 prudentia,
1304 662 1393 726 quae
1409 651 1462 709 est
1478 639 1514 707 in
1530 640 1618 726 Xpo.

391 760 486 847 Jesu‚
506 757 690 845 plurimum
706 756 740 825 in
757 758 878 827 eodem
895 759 1121 839 confidamus
1141 770 1174 824 te
1189 757 1225 824 in
1238 756 1469 843 praepositum
1482 754 1622 841 prouin-

395 875 515 943 cialem
532 886 545 917 ⁶
564 874 716 941 omnium
731 872 972 959 ‘nostrorum¹
986 874 1046 960 qui
1066 872 1103 940 in
1121 872 1307 960 praedictis
1323 871 1527 959 'regionibus
1547 893 1622 939 ver·

395 1002 528 1071 santur,
550 1012 630 1058 cum
651 990 744 1058 omni
759 1012 800 1059 ea
822 990 1039 1071 auctoritate,
1066 1011 1169 1074 quam
1192 988 1293 1057 sedes
1315 988 1502 1075 apostolica
1526 986 1624 1053 nobis

373 1086 565 1188 ¹concessit
593 1118 627 1172 et
654 1106 919 1175 constitutiones
940 1120 1086 1173 nostrae
1112 1104 1294 1173 Societatis
1324 1104 1424 1171 nobis
1455 1102 1621 1183 tribuunt,

395 1244 552 1290 creamus
567 1233 602 1292 et
618 1220 830 1290 instituimus
849 1234 875 1290 Β.
898 1225 952 1291 Ac
969 1222 1004 1289 in
1020 1222 1147 1291 virtute
1162 1232 1283 1289 santae
1298 1218 1515 1289 obedientiae
1534 1217 1550 1259 ¹²
1572 1231 1622 1298 vt,

396 1340 484 1405 hanc
497 1360 600 1405 curae
612 1348 750 1407 nostrae
761 1350 893 1425 partem
905 1349 941 1407 et
953 1337 1166 1405 auctoritatis
1177 1336 1408 1423 suscipiendo,
1422 1336 1543 1404 eadem
1558 1334 1567 1374 ³
1582 1337 1626 1401 ad
1712 1420 1718 1434 .

395 1452 649 1539 inquirendum,
668 1452 909 1537 ordinandum,
928 1454 1195 1533 reformandum,
1213 1452 1415 1532 iubendum,
1439 1450 1625 1536 prohiben-

396 1570 491 1650 dum,
514 1568 762 1637 admittendum
779 1568 814 1635 in
831 1568 1040 1639 Societatem
1056 1570 1100 1635 ad
1116 1566 1353 1654 probationem
1366 1566 1391 1649 J,
1401 1578 1438 1635 et
1450 1567 1494 1632 ab
1507 1568 1625 1635 eadem

397 1685 641 1771 repellendum,
672 1706 760 1770 quos
788 1684 961 1752 videbitur
968 1706 976 1767 ;
1005 1684 1284 1751 constituendum
1311 1683 1414 1752 etiarn
1438 1682 1473 1747 in
1502 1681 1626 1767 quouis

396 1798 509 1866 officio
529 1812 564 1867 et
587 1802 842 1887 deponendum,
861 1811 896 1869 et
912 1799 948 1866 in
965 1822 1110 1881 summa,
1129 1800 1172 1866 ad
1187 1798 1438 1886 disponendum
1456 1800 1502 1867 de
1517 1798 1624 1864 omni-

397 1917 474 1997 bus,
498 1936 586 2000 quae
609 1936 684 1996 nos,
706 1914 736 1982 si
756 1925 955 2002 praesentes
973 1937 1141 1997 essemus,
1164 1913 1255 1981 circa
1276 1916 1363 1997 loca,
1385 1936 1440 1981 res
1456 1925 1493 1982 et
1507 1918 1626 2000 pers‘o·

398 2050 473 2113 nas,
498 2052 587 2116 quae
609 2031 653 2097 ad
676 2032 882 2100 Societatem
902 2032 1087 2118 pertinent,
1108 2052 1287 2117 possemus
1307 2028 1500 2117 disponere,
1525 2040 1561 2097 et
1582 2029 1628 2095 ad

398 2145 463 2213 Dei
480 2146 623 2232 gloriam
641 2148 755 2215 facere
770 2146 949 2227 iudicabis
967 2145 1164 2233 plenissime
1180 2148 1297 2214 vtaris.

466 2262 543 2329 Hoc
558 2260 662 2344 enirn,
681 2262 826 2351 gratiam
842 2260 908 2329 Dei
927 2262 963 2327 in
980 2274 1023 2329 te‘
1034 2261 1303 2343 considerantes,
1327 2262 1371 2327 ad
1391 2261 1500 2348 ipsius
1520 2264 1626 2327 hono·

292 2454 296 2460 Ι
397 2397 469 2442 rem
486 2379 580 2444 etad
595 2398 714 2446 eorum
730 2376 943 2463 spiritualem
959 2378 1164 2464 profectum,
1179 2379 1238 2463 qui
1250 2388 1388 2444 nostrae
1400 2375 1531 2444 curae*
1545 2387 1627 2444 sunt

327 2512 329 2517 ·
397 2492 581 2573 commissi,
600 2504 636 2559 et
651 2495 694 2561 ad
710 2514 928 2560 communem
945 2494 1135 2559 animarum
1156 2491 1302 2559 salutem
1327 2494 1399 2560 fore
1419 2492 1454 2558 in
1476 2491 1628 2558 Domino

396 2626 584 2693 speramus.

463 2729 591 2794 Datum
609 2729 738 2794 Romae
754 2735 851 2793 sexto
867 2725 946 2791 idus
961 2725 1123 2794 Octobris
1144 2742 1240 2813 1549.
1326 2807 1331 2817 '

1208 2839 1425 2933 [lenimus]
1440 2841 1448 2882 ¹

465 2961 508 3025 In
524 2960 701 3046 margine.
720 2957 858 3026 Creatio
875 2958 966 3026 Mtri.
985 2957 1159 3024 Francisci
1174 2958 1210 3024 in
1231 2957 1463 3044 praepositum
1484 2958 1627 3044 prouin-

399 3074 531 3141 ciaiem.

450 3355 463 3384 e
500 3339 650 3395 Additum
663 3339 841 3407 aPolanco;
852 3339 932 3394 deest
941 3339 975 3394 in
986 3353 1037 3392 «ι»
1048 3343 1076 3394 et
1087 3353 1149 3396 «2».
1188 3341 1236 3383 -s
1250 3338 1373 3395 fratrum
1385 3341 1515 3397 additur
1526 3341 1562 3397 in
1573 3355 1627 3396 orn

397 3434 425 3484 et
439 3443 501 3482 «2».
540 3443 589 3482 -e
612 3428 705 3483 Linea
722 3429 814 3483 dueta
831 3432 875 3483 est
891 3433 981 3500 super
997 3433 1166 3498 sequentem
1175 3429 1351 3499 periodum,
1365 3433 1457 3500 usque
1469 3431 1512 3485 ad
1523 3431 1628 3486 verta:

398 3517 463 3573 Hoc
476 3517 565 3585 enim;
574 3516 661 3590 forte
679 3522 713 3572 ut
731 3517 879 3573 deleatur.
917 3519 969 3560 -h
986 3515 1168 3587 iniungimus
1180 3518 1310 3573 additur
1327 3519 1361 3572 ir.
1374 3532 1426 3572 «tn
1444 3523 1473 3574 et
1491 3533 1555 3574 «2».
1591 3547 1629 3560 -

397 3608 406 3650 i
425 3607 488 3661 Pro
501 3605 692 3677 suscipiendo
705 3605 820 3674 eadem,
834 3607 951 3680 legitur
966 3607 1002 3661 in
1015 3612 1109 3662 ‹rin-et
1126 3621 1190 3660 ren:
1208 3606 1239 3661 in
1255 3607 1370 3663 eadem.
1408 3609 1450 3659 -i
1469 3606 1507 3663 ad
1524 3608 1629 3681 proba·

398 3695 509 3751 tionem
527 3693 839 3762 addidit·1³otancus;
854 3695 946 3750 dees?
957 3694 991 3748 in
1009 3706 1061 3748 «Ι»
1077 3697 1107 3748 et
1125 3705 1187 3749 «2».
1244 3697 1300 3736 -k
1319 3694 1408 3749 Deest
1433 3695 1468 3750 in
1492 3707 1556 3750 «lu.
1592 3724 1630 3736 -

398 3783 407 3824 ¹
424 3783 557 3854 Ignatius
570 3787 669 3839 exstat
681 3783 714 3838 in
729 3797 780 3838 «ι»
794 3787 823 3840 et
836 3797 899 3838 rra».
