3625 5375
872 176 876 185 “
931 179 939 211 Ι

753 451 759 462 ¹
781 386 989 441 Monuueurn
1009 384 1188 440 Ionnrmun

929 594 1020 675 1⁰63

565 737 706 803 parm
729 695 1107 809 cuuisroenoao
1132 736 1395 803 usnoozns

759 891 847 951 noun
862 890 893 933 21
909 890 1081 933 renuuntur
1097 890 1166 945 155⁰
1184 877 1205 933 ¹.

393 1014 536 1070 Facultns
548 1014 792 1069 administrandi
804 1017 1008 1079 sumomonte,
1022 1013 1196 1069 absolvendi
1207 1031 1227 1068 a
1236 1011 1368 1084 peccatis
1379 1016 1407 1068 et
1418 1012 1566 1080 censuris,

779 1108 869 1175 atque
882 1108 952 1159 vota
964 1102 1180 1158 commutandi.

432 1236 567 1305 Dilecto
594 1238 629 1303 in
652 1238 719 1307 X.⁰
748 1238 843 1305 fratri
871 1238 1120 1323 Christophoro
1146 1238 1190 1303 de
1217 1237 1398 1321 Mendoca,
1426 1236 1598 1304 sacerdoti

363 1353 518 1421 eiusdem
534 1354 728 1437 SocietatiS,
747 1356 892 1423 salutem
909 1354 944 1420 in
960 1341 1117 1421 Domino'
1127 1354 1381 1439 sempiternam.

321 1456 326 1469 ⁸
432 1470 551 1555 Nuper
568 1470 698 1537 foelicis
713 1469 901 1539 memoriae
913 1471 1043 1536 Paulus
1059 1491 1146 1555 papa
1163 1470 1218 1550 ΙΙΙ,
1233 1481 1270 1534 vt
1286 1468 1476 1536 animarum
1492 1467 1597 1535 saluti

364 1594 401 1652 et
414 1584 638 1651 consolationi
648 1584 816 1671 spirituali
828 1585 1000 1670 copiosius
1012 1585 1262 1663 consuleretur,
1277 1582 1441 1653 Societati
1458 1595 1598 1652 nostrae

366 1700 562 1767 facultatem
583 1700 815 1768 confessiones
838 1700 1072 1785 quorumlibet
1092 1700 1271 1786 utriusque
1292 1721 1397 1768 sexus
1415 1698 1596 1766 hominurn

364 1814 538 1897 audiendi,
556 1826 591 1882 et
606 1817 649 1884 de
670 1816 829 1882 omnibus
850 1816 1012 1903 peccatiS,
1036 1815 1140 1881 etiam
1162 1814 1235 1883 sedi
1255 1814 1463 1901 apostolicae
1483 1816 1596 1902 (prae·

366 1940 519 2016 terquam
544 1930 577 1996 in
600 1930 695 1998 bulla
709 1952 837 1999 coenae
858 1930 1008 2018 Domini)
1030 1931 1226 2013 reseruatis,
1248 1940 1283 1999 et
1303 1928 1597 2015 consequentibus

364 2046 520 2113 censuris
536 2046 747 2127 absoluendi,
763 2059 797 2116 et
810 2058 889 2114 vota
902 2046 1085 2131 quaelibet,
1100 2046 1304 2132 quibusdam
1318 2043 1483 2132 exceptis,
1497 2066 1597 2112 corn-

363 2160 519 2229 inutandi
536 2183 595 2248 per
610 2162 796 2248 praepositi
812 2162 983 2249 generalis
1004 2182 1065 2248 pro
1086 2173 1239 2247 tempore
1260 2159 1439 2228 existentis
1453 2158 1594 2247 dispen-

363 2276 532 2343 sationem
548 2278 718 2343 concessit
730 2278 755 2344 '.
775 2278 847 2345 Nos
867 2277 987 2364 igitur,
1004 2277 1064 2361 qui
1079 2279 1122 2343 ad
1143 2276 1365 2343 excolendam
1385 2275 1524 2343 Domini
1539 2274 1595 2341 vi-

365 2414 464 2460 neam
481 2392 647 2478 plurimos
663 2392 838 2479 operarios
853 2393 997 2460 idoneos
1009 2394 1172 2461 accedere
1184 2392 1220 2457 in
1236 2390 1355 2460 eodem
1367 2390 1518 2459 Domino
1529 2411 1596 2457 cu-

364 2507 489 2594 pimus,
508 2530 548 2573 ac
563 2509 607 2573 de
627 2507 692 2575 Dei
720 2508 872 2575 altissimi
893 2507 929 2574 in
957 2519 990 2575 te
1006 2507 1118 2595 gratia
1139 2507 1363 2587 confidentes»,
1386 2507 1478 2597 quod
1500 2517 1594 2574 recte

363 2626 428 2690 hoc
443 2644 584 2694 munere
604 2625 648 2692 ad
663 2623 771 2710 ipsius
791 2624 935 2711 gloriam
955 2634 991 2692 et
1010 2623 1199 2692 animarum
1221 2620 1495 2692 aedificationem
1512 2624 1594 2689 fun-

364 2741 468 2826 geris,
488 2739 548 2806 tibi
565 2763 701 2809 ornnem
718 2741 914 2808 facultatem
931 2741 1045 2810 asede
1060 2739 1251 2826 apostolica
1268 2737 1369 2807 nobis
1380 2739 1593 2820 attributam,

363 2877 452 2942 quae
474 2858 517 2922 ad
537 2855 640 2924 huius
660 2856 862 2926 sacramenti
885 2855 1226 2937 administrationem,
1249 2867 1469 2942 peccatorum
1490 2857 1590 2922 abso-

363 2969 541 3049 lutionem,
564 2982 720 3038 votorum
741 2972 1042 3039 commutationem
1063 2971 1224 3060 pertinet,
1247 2971 1540 3040 communicamus
1558 2982 1595 3038 et

362 3086 561 3172 elargimur.
1130 3089 1138 3103 ”

429 3205 558 3269 Datum
575 3204 703 3271 Rornae
719 3203 754 3270 in
767 3203 910 3270 aedibus
921 3202 1212 3292 SocietatisJesu‚
1226 3223 1318 3270 nono
1331 3205 1492 3271 calendas
1504 3205 1595 3269 Mar-

364 3317 428 3383 tias
450 3333 546 3402 1550.

428 3435 471 3499 In
488 3436 664 3522 margine.
685 3436 845 3502 Facultas
861 3434 1122 3502 administrandi
1139 3447 1364 3502 sacramenta.

416 3657 422 3689 ¹
463 3658 506 3712 Ex
520 3657 700 3731 apographo,
715 3657 745 3715 in
759 3657 862 3714 codice
877 3659 995 3746 Decret.
1009 3665 1038 3715 et
1056 3659 1158 3724 inste,
1173 3659 1225 3715 tol.
1240 3672 1299 3714 22r.

412 3750 423 3782 l
461 3747 592 3803 Litterae
605 3749 785 3820 apostolicae
801 3749 881 3804 Licet
899 3749 1031 3804 debitum
1048 3749 1080 3804 18
1095 3747 1234 3807 Octobris
1251 3761 1329 3818 1549.
1350 3749 1530 3804 [nstitutum
1542 3749 1596 3804 So·

360 3837 477 3890 uiolatis
491 3837 569 3902 Iesu,
585 3838 607 3907 Ι,
626 3835 668 3892 13.
