3625 5375
403 399 453 468 146
777 401 984 457 Mouuuunrn
1003 398 1183 454 lunarum

433 553 511 620 Hoc
528 564 642 621 tamen
657 553 763 640 addit,
781 551 873 638 quod
889 550 998 618 crodit
1014 562 1050 620 te
1072 549 1138 618 alio
1155 547 1191 616 in
1213 549 1371 618 instituto
1391 561 1426 618 et
1446 551 1591 620 salutem

347 737 349 741 ,
369 667 533 756 consequi
544 691 645 756 posse
657 682 693 737 et
704 667 962 756 perfectionem:
977 666 1054 734 idco
1065 677 1184 736 censet
1195 667 1341 735 comode
1356 676 1391 734 te
1406 667 1588 748 facturum,

368 783 397 850 si
419 783 567 852 triduum
587 786 643 851 vel
666 783 939 872 quatriduum,a
965 783 1116 850 tumultu
1143 803 1257 851 rerum
1282 794 1318 851 et
1345 781 1592 867 colloquiorum

368 911 586 969 externorum
603 912 637 970 te
652 900 859 988 colligend0,
877 911 913 970 et
929 897 1081 984 quotidie
1095 899 1312 980 celebrando,
1329 919 1371 964 ac
1382 897 1471 966 serio
1483 919 1591 985 nego-

368 1015 460 1081 cium
476 1019 542 1082 hoc
558 1017 632 1103 (tibi
649 1017 766 1102 utique
782 1038 852 1083 non
865 1015 963 1103 parui
978 1013 1152 1100 momenti)
1168 1015 1245 1081 Deo
1258 1014 1512 1097 comendando,
1529 1035 1590 1081 co-

367 1129 470 1215 gites,
489 1153 533 1196 an
550 1133 616 1198 hoc
632 1131 723 1198 vitae
739 1152 779 1198 ac
795 1129 943 1197 instituti
956 1131 1067 1196 nostri
1078 1128 1190 1216 genus
1206 1127 1302 1215 sequi
1320 1127 1380 1194 tibi
1392 1128 1587 1210 conueniat,

367 1265 488 1328 necne3
508 1246 586 1313 etsi
602 1245 830 1342 quidemtnon
852 1246 1039 1314 conuenire
1058 1244 1299 1331 inconspectu
1322 1244 1387 1311 Dei
1402 1244 1587 1329 judicabis,
1673 1301 1680 1314 .
1798 1254 1800 1265 '

365 1360 506 1428 omnino
526 1361 730 1447 relinquere,
753 1382 855 1446 quam
877 1351 1068 1448 inperfecte
1090 1370 1126 1429 et
1148 1381 1191 1427 ex
1212 1372 1308 1446 parte
1330 1359 1489 1438 retinere,
1507 1381 1589 1426 con·

363 1473 487 1542 sultius
501 1489 537 1543 et
554 1476 614 1542 tibi
631 1491 668 1545 et
678 1476 868 1564 Socie[ta]ti
881 1475 996 1559 fuerit3
1011 1495 1077 1542 nec
1089 1475 1204 1541 minus
1214 1474 1342 1544 erimus
1353 1474 1496 1561 proinde
1507 1477 1589 1541 elra-

364 1590 472 1657 ritatis
489 1591 626 1658 vinculo
641 1591 830 1677 conjuncti,
848 1603 910 1658 aut
929 1590 1058 1658 mutuis
1073 1584 1285 1658 orationibus
1301 1611 1364 1656 nos
1382 1589 1419 1656 in
1441 1589 1590 1656 Domino

365 1705 617 1791 adjuuabimus,
634 1707 767 1774 etiamsi
782 1731 802 1775 a
818 1718 1027 1787 nostrorum,
1046 1706 1106 1792 qui
1121 1704 1222 1772 isthic
1238 1706 1383 1791 degunt,
1401 1705 1589 1773 domestico
1673 1751 1677 1756 .

367 1822 530 1888 conuictu
547 1835 581 1889 et
597 1821 849 1891 cohabitatione
865 1822 1058 1892 recesseris.

432 1938 536 2022 Quod
552 1937 581 2004 si
596 1937 789 2005 institutum
806 1941 873 2006 hoc
889 1949 1045 2005 nostrum
1062 1937 1222 2024 prosequi
1237 1937 1348 2002 visum
1364 1936 1442 2018 erit,
1459 1957 1589 2002 memo-

366 2073 438 2120 rem
456 2065 489 2120 te
504 2075 580 2123 esse
595 2057 681 2135 vult,
699 2056 792 2140 quod
808 2055 858 2120 tui
874 2075 992 2121 curam
1013 2052 1179 2139 superiori
1203 2063 1264 2118 tuo
1283 2050 1505 2134 commiseris;
1522 2072 1586 2119 nec

363 2163 537 2254 [aleqnum
554 2191 630 2238 esse
645 2181 682 2235 vt
698 2171 740 2236 de
757 2180 791 2236 te
807 2171 853 2238 sis
868 2169 1048 2251 sollicitus,
1066 2168 1155 2256 [nec]
1170 2169 1283 2256 legem
1300 2167 1363 2255 ipsi
1375 2189 1415 2234 ac
1431 2168 1585 2253 regulam

364 2281 519 2367 imponas
533 2283 624 2351 circa
638 2283 690 2352 tui
705 2285 1002 2372 gubernationem,
1019 2294 1204 2353 contentus
1226 2283 1310 2369 quid
1336 2284 1464 2350 sentias
1481 2303 1585 2368 expo-

364 2397 485 2479 suisse,
504 2400 779 2484 quandoquidem
795 2401 898 2467 huius
913 2399 1105 2487 prouintiae
1120 2399 1286 2467 rationem
1311 2398 1446 2486 (quibus
1467 2399 1502 2464 in
1529 2419 1583 2466 re-

306 2584 313 2604 ,
363 2513 429 2580 bus
444 2513 567 2600 loquar
582 2515 756 2602 intelligis)
772 2517 846 2602 ipse
860 2519 949 2596 Deo,
967 2528 1003 2585 et
1018 2538 1089 2583 non
1106 2527 1156 2598 tu,
1175 2515 1369 2583 redditurus
1384 2526 1448 2582 est.

432 2631 609 2699 Hactenus
635 2653 735 2720 ergo,
763 2643 801 2701 vt
828 2631 889 2698 tibi
915 2631 1117 2715 scriberem,
1147 2609 1262 2699 noster
1288 2629 1504 2718 praepositus
1528 2628 1583 2695 in-

358 2746 483 2832 junxit.
526 2742 539 2771 l

427 2978 504 3045 Hoc
520 2979 564 3045 de
579 3000 655 3049 meo
675 2980 810 3061 addam,
829 3004 897 3049 non
918 3004 994 3051 esse
1015 2983 1077 3048 tibi
1099 2982 1303 3061 mirandum,
1322 2980 1351 3047 si
1379 2980 1440 3046 tibi
1463 2991 1581 3046 votum

236 3190 240 3198 ⁸
358 3092 458 3161 aliter
472 3114 574 3178 quam
591 3094 704 3181 legisti
721 3116 789 3163 non
806 3098 988 3165 relaxatur.
1006 3097 1176 3183 Quamuis
1195 3096 1287 3166 enim
1307 3096 1435 3163 volenti
1451 3094 1511 3161 tibi
1528 3117 1582 3162 re-

358 3208 479 3277 cedere
495 3208 671 3294 permittit,
689 3213 840 3279 relaxare
857 3223 970 3281 tamen
986 3224 1119 3293 votum,
1136 3214 1171 3279 in
1188 3221 1376 3298 conspectu
1392 3211 1458 3279 Dei
1479 3212 1581 3277 Pater

282 3406 284 3413 Ι
360 3322 513 3409 Ignatius
529 3346 566 3391 se
577 3325 671 3410 juste
687 3348 786 3412 posse
802 3340 919 3415 negat.
938 3328 1034 3397 Licet
1049 3328 1139 3397 enim
1156 3350 1226 3394 non
1238 3328 1365 3415 optima
1379 3326 1427 3393 sis
1442 3325 1580 3393 habitu-

360 3437 439 3505 dine
456 3440 619 3526 corporiS‚
636 3463 701 3509 nec
717 3445 760 3509 ad
776 3444 910 3511 labores
925 3444 1144 3525 validissima,
1163 3443 1220 3511 alii
1239 3454 1320 3511 sunt
1340 3442 1375 3509 in
1395 3442 1579 3521 Societate,

361 3554 516 3638 quicum
537 3578 578 3623 ea
593 3578 661 3623 non
683 3556 796 3624 minus
820 3558 973 3626 fortassis
992 3558 1207 3627 incommoda
1226 3570 1383 3639 vtuntur,
1404 3567 1439 3626 et
1467 3569 1580 3626 tamen

361 3667 523 3739 Societati
539 3670 573 3736 in
594 3670 711 3738 diuino
732 3673 871 3741 seruitio
898 3687 979 3742 sunt
1002 3675 1114 3757 vtiles;
1137 3696 1216 3741 narn
1235 3676 1292 3743 vel
1311 3676 1354 3742 ad
1381 3674 1577 3761 legendum,

360 3785 415 3853 vel
436 3787 479 3853 ad
499 3788 733 3855 consessiones
752 3764 951 3874 audiendas,
969 3793 1025 3859 vel
1051 3791 1116 3858 alia
1138 3790 1333 3876 hujusmodi
1360 3790 1477 3857 munia
1500 3800 1580 3855 sunt

359 3902 484 3971 idonei.
506 3903 577 3989 Qui
592 3915 705 3971 autem
723 3906 789 3973 tale
805 3909 947 3976 haberet
962 3910 1128 3977 talentum
1144 3908 1289 3997 (etiamsi
1307 3910 1350 3975 ad
1378 3906 1465 3973 alios
1484 3906 1580 3971 labo-

358 4038 413 4085 res
428 4030 528 4105 aptus
543 4036 611 4085 non
627 4022 741 4105 esset),
760 4035 876 4108 posset
892 4046 965 4090 non
978 4024 1141 4092 mediocri
1163 4046 1242 4091 cum
1260 4026 1399 4092 foenore
1412 4034 1529 4089 nostra
1543 4021 1578 4087 in

356 4131 528 4203 Societate
541 4135 623 4201 illud
640 4140 843 4221 expendere,
863 4160 942 4205 cum
959 4148 1027 4206 tam
1043 4142 1151 4206 multa
1164 4140 1233 4207 sint
1248 4138 1405 4226 collegia,
1419 4150 1454 4204 et
1465 4140 1531 4205 alia
1542 4136 1578 4204 in

355 4248 429 4316 dres
445 4270 465 4314 a
484 4250 635 4317 Domino
650 4252 831 4321 videantur
846 4254 969 4340 parari,
987 4256 1023 4321 in
1051 4256 1176 4341 quibus
1197 4257 1296 4337 haec,
1313 4276 1403 4341 quae
1424 4254 1506 4336 dixi,
1524 4253 1578 4321 vel

355 4364 538 4453 praecipua
559 4376 639 4433 sunt
660 4390 812 4437 munera.
841 4372 931 4439 Cum
958 4394 1043 4459 ergo
1070 4383 1105 4439 et
1131 4371 1270 4459 legendi
1289 4385 1324 4441 et
1345 4370 1578 4443 confessiones

356 4480 516 4548 audiendi
533 4483 641 4569 labor,
658 4482 726 4552 imo
746 4498 781 4554 et
797 4487 993 4573 predicandi
1010 4499 1088 4555 tuae
1110 4490 1159 4577 (vt
1178 4488 1300 4557 litteris
1320 4487 1389 4554 tuis
1404 4495 1577 4555 contesta-

358 4594 416 4682 ris)
434 4598 617 4667 tolerabilis
632 4598 676 4667 sit
693 4601 891 4685 valetudini,
910 4604 1051 4671 relaxati
1074 4605 1145 4673 voti
1168 4605 1333 4675 rationem
1356 4606 1432 4673 Deo
1450 4624 1489 4673 sc
1506 4624 1578 4670 non
