3625 5375
412 460 448 529 84
643 509 654 533 ,Ι
790 458 997 514 Monnuunra
1017 455 1195 511 lemnius

376 610 464 677 ciem
481 611 606 677 demon
623 608 849 696 obtenderet),
867 604 1107 687 sollicitabant,
1126 608 1201 674 Deo
1217 606 1346 693 gratias
1362 608 1507 694 agimus,
1524 606 1605 673 tibi-

375 748 442 812 que
459 726 672 812 gratulamur
687 747 729 791 ex
752 723 878 802 anim0,
905 732 944 786 vt
967 744 1068 805 quem
1095 722 1139 787 ab
1165 721 1314 789 hostium
1342 720 1611 809 impugnatione

375 841 580 929 grauissima
591 852 627 910 et
642 840 794 928 periculo
810 848 963 908 extremo
980 819 1160 905 libera'tum
1181 836 1246 905 Dei
1267 836 1420 905 bonitate
1441 836 1602 923 agnosci-

375 978 463 1023 mus.
483 958 576 1025 Sane
588 978 658 1041 quo
675 954 738 1021 tibi
754 954 819 1021 fuit
839 950 1065 1041 periculosius
1085 964 1270 1033 certamen,
1289 952 1324 1019 in
1346 974 1414 1039 quo
1435 944 1605 1039 agebatur

375 1075 419 1141 de
434 1072 657 1157 relinquendo
684 1071 774 1138 vitae
801 1080 904 1150 statu,
933 1080 1027 1137 recte
1043 1088 1084 1134 ac
1101 1068 1220 1135 ordine
1241 1079 1414 1155 suscepta,
1441 1069 1484 1135 de
1499 1087 1602 1134 voca-

376 1187 469 1256 tione
494 1186 612 1255 diuina
638 1187 839 1267 deserenda,
868 1185 914 1253 de
937 1184 1046 1271 prima
1072 1184 1153 1265 lide,
1182 1206 1222 1253 ac
1251 1196 1349 1264 vot0,
1380 1205 1450 1269 quo
1480 1192 1514 1251 te
1541 1185 1603 1249 X.⁰

375 1302 618 1383 obstrinxeras,
636 1301 808 1381 violando,
838 1300 882 1366 de
909 1300 1086 1367 redeundo
1113 1301 1251 1367 demum
1271 1299 1306 1365 in
1337 1298 1501 1387 Egiptum
1526 1314 1605 1384 post

376 1418 479 1487 maris
494 1417 602 1485 Rubri
620 1415 813 1497 transitum,
831 1437 911 1483 curn
928 1414 1055 1501 alioqui
1071 1415 1242 1483 neminem
1259 1436 1334 1483 esse
1355 1426 1471 1501 aptum
1483 1415 1530 1479 ad
1548 1434 1602 1479 re-

375 1556 485 1621 gnum
501 1532 567 1602 Dei
582 1532 675 1600 dicat
692 1530 832 1614 veritas,
850 1530 922 1616 qui,
945 1542 1128 1617 postquam
1153 1552 1291 1597 manum
1314 1532 1505 1598 admouerit
1527 1550 1602 1595 ara-

372 1662 442 1736 tro,
461 1660 552 1716 retro
572 1646 727 1734 respitiat
747 1647 772 1729 '3
795 1668 877 1733 quo,
899 1645 1053 1731 inquam,
1076 1624 1132 1713 hic
1154 1645 1215 1711 tibi
1235 1646 1415 1713 conflictus
1435 1643 1603 1731 periculo·

376 1765 457 1849 sior,
475 1786 517 1833 eo
533 1765 577 1831 de
592 1762 738 1829 victoria
753 1772 814 1829 tua
830 1783 891 1848 per
906 1760 964 1829 Χ.ἰ
979 1760 1126 1847 gratiam
1143 1783 1208 1829 nos
1224 1760 1413 1847 impensius
1433 1761 1529 1829 letari
1547 1784 1604 1847 par

378 1891 443 1961 est,
461 1879 663 1967 precarique
679 1878 839 1959 eundem,
863 1888 901 1943 vt
921 1888 957 1946 te
976 1876 1011 1944 in
1032 1878 1106 1959 dies
1126 1876 1237 1963 magis
1265 1898 1304 1943 ac
1326 1876 1436 1963 magis
1455 1876 1603 1943 stabiliat

379 2008 484 2081 atque
500 1996 690 2072 confirmet.

444 2112 605 2179 Ceterum
618 2132 696 2177 cum
709 2111 752 2177 de
764 2108 961 2178 valetudine
974 2120 1033 2175 tua
1045 2110 1156 2195 deque
1169 2108 1380 2177 medicorum
1391 2109 1610 2196 prescriptio·

377 2226 479 2295 nibus
495 2238 564 2295 tam
580 2226 682 2328 anxie
697 2239 731 2293 et
748 2224 892 2293 sollicite
907 2224 1041 2307 scribis,
1065 2225 1209 2311 Talpine
1226 2224 1259 2290 in
1277 2224 1425 2291 Domino
1442 2225 1606 2293 charissi-

377 2364 444 2422 me,
462 2340 587 2410 videris
603 2340 685 2408 mihi
713 2340 940 2428 (dissimulare
959 2340 1051 2408 enim
1071 2339 1219 2408 charitas
1235 2362 1303 2407 non
1321 2342 1459 2427 patitur)
1476 2342 1609 2409 obede-

376 2456 526 2525 dientiae
542 2458 656 2523 fructu
673 2454 821 2523 maximo
837 2465 872 2521 te
886 2456 999 2543 ipsum
1021 2456 1238 2524 defraudare.
1251 2454 1339 2522 Cum
1356 2454 1446 2524 enim
1471 2478 1513 2523 ex
1536 2456 1602 2525 Dei

377 2570 545 2659 singulari
561 2572 665 2652 dono,
684 2570 923 2639 molestissimo
938 2592 1053 2653 onere,
1072 2570 1107 2637 id
1123 2584 1188 2654 est,
1205 2591 1289 2638 cura
1311 2593 1353 2639 ac
1376 2571 1607 2639 sollicitudine

376 2688 484 2757 nostri
501 2711 561 2775 per
574 2687 803 2757 obedientiam
820 2689 921 2757 detur
936 2687 1126 2769 exonerari,
1145 2700 1181 2754 tu
1200 2699 1314 2756 tamen
1330 2687 1497 2755 sarcinam
1516 2692 1605 2755 hanc

377 2804 630 2891 permolestam‚
645 2802 728 2871 satis
740 2804 867 2889 alioqui
878 2801 1013 2890 debilis,
1027 2813 1148 2890 sponte
1161 2803 1267 2884 subis,
1283 2803 1317 2869 in
1332 2825 1399 2887 quo
1412 2825 1482 2870 non
1495 2805 1608 2884 solum

376 2942 396 2987 a
412 2919 625 3006 perfectione
638 2919 810 3000 recedere,
827 2921 889 2988 sed
905 2921 952 2985 de'
965 2930 999 2987 te
1015 2919 1089 3006 ipso
1106 2921 1194 2987 male
1210 2919 1331 2986 mereri
1348 2919 1533 3006 intelliges.

442 3034 480 3103 Si
495 3055 614 3121 pacem
631 3055 705 3100 eam
722 3045 758 3101 et
772 3033 912 3121 spiritus
929 3034 1120 3102 libertatem
1141 3055 1182 3101 ac
1199 3033 1452 3120 jucunditatem
1476 3033 1537 3099 tibi
1551 3033 1603 3100 in-

377 3150 507 3234 uidere,
526 3171 628 3237 quam
655 3148 878 3236 experiuntur
905 3149 940 3235 ii,
959 3149 1030 3236 qui,
1054 3171 1092 3218 se
1109 3161 1200 3218 totos
1226 3153 1301 3217 Deo
1329 3171 1388 3236 per
1413 3149 1607 3217 ministrum

375 3265 451 3333 eius
471 3266 687 3347 devovendo,
710 3265 804 3332 omni
823 3266 878 3332 sui
899 3255 1128 3333 sollicitudine
1147 3287 1185 3332 se
1207 3265 1364 3345 liberant,
1388 3265 1608 3334 animaduer-

377 3381 440 3462 tas,
457 3402 479 3446 0
495 3380 638 3467 Talpine
653 3381 687 3448 in
706 3383 765 3448 Χ.0
781 3380 991 3462 charissime,
1011 3401 1090 3446 cum
1112 3383 1187 3447 Deo
1204 3391 1238 3446 te
1259 3380 1405 3446 hostiam
1427 3380 1603 3448 uiuentem

375 3495 552 3578 obtuleris,
570 3517 649 3562 cum
664 3497 816 3582 corporis
828 3508 863 3566 et
875 3497 988 3562 anime
1005 3495 1102 3582 quasi
1119 3497 1359 3562 holocaustum
1377 3497 1440 3563 X.⁰
1452 3495 1607 3563 deuoue-

379 3610 435 3694 ris,
453 3632 533 3678 cum
562 3611 698 3678 divinae
719 3611 941 3698 prouidencie
957 3634 1018 3698 per
1038 3610 1230 3678 ministrum
1248 3610 1322 3678 eius
1334 3625 1366 3676 te
1386 3610 1606 3697 dirigendum

378 3730 421 3794 ad
438 3725 685 3796 beatitudinem
702 3727 907 3807 comisseris,
928 3748 1007 3794 cum
1033 3741 1067 3795 te
1092 3726 1276 3796 inciuiliter
1298 3737 1311 3768 ⁸
1328 3726 1454 3812 repetis
1471 3747 1533 3793 cur
1557 3725 1606 3792 tui

378 3823 508 3930 partem
529 3842 656 3910 iniuste
671 3843 822 3911 detines?
841 3863 903 3909 eur
918 3843 962 3909 ad
982 3842 1033 3908 tui
1051 3841 1350 3929 gubernationem,
1373 3841 1490 3910 diuine
1510 3852 1604 3908 tuam

379 3958 629 4045 prouidentiam
645 3957 881 4044 praeferendO,
900 3969 936 4026 te
957 3979 1076 4024 rursus
1091 3957 1236 4045 ingeris?

444 4075 600 4142 atenim
615 4074 779 4141 valetudo
800 4075 899 4143 valde
921 4076 1044 4142 affecta
1071 4085 1135 4156 est3
1162 4075 1235 4155 sed,
1261 4074 1290 4142 si
1306 4075 1482 4166 deplorata
1503 4093 1606 4158 quam

380 4189 526 4258 maxime
541 4201 645 4274 esset,
664 4188 759 4256 illum
776 4202 870 4258 certe
885 4191 1031 4257 deberes
1051 4189 1190 4272 imitari,
1208 4190 1267 4276 qui
1289 4201 1428 4277 propter
1444 4201 1479 4258 te
1496 4189 1610 4256 factus

429 4412 444 4441 ι
486 4397 614 4454 Verbum
626 4397 786 4454 inciuiliter
795 4398 878 4454 linea
887 4399 1110 4454 circumdatum
1120 4401 1173 4462 est,
1180 4397 1310 4466 fortasse
1319 4402 1351 4451 ut
1361 4395 1607 4461 deterrumum-

375 4487 548 4582 qquoulo
557 4487 702 4560 inferius,
713 4487 803 4543 verba
818 4486 927 4542 iniuste
940 4493 968 4543 et
978 4487 1078 4543 diuine
1089 4496 1168 4542 tuam
1180 4485 1393 4558 prouidentiam
1405 4481 1606 4558 praeferendo.

431 4677 443 4708 ⁴
481 4636 699 4748 ruc.,1x‚'62.
