3625 5375
796 436 1004 491 tiouuunmn
1023 434 1203 490 Inuitum

965 632 1027 715 3Ιῦ

392 835 394 844 .
470 770 611 837 enum
636 718 797 837 muno
822 766 1040 833 nummo
1065 764 1255 833 neuun
1279 764 1341 831 ux
1366 764 1518 834 conu.
1564 840 1570 856 ,

799 910 889 955 noun
904 911 937 954 12
951 910 1073 954 innius
1089 897 1158 966 1548
1172 900 1192 952 ¹.

382 1019 495 1075 Suadet
508 1017 621 1075 Achilli
633 1022 668 1071 ut
680 1017 714 1071 in
727 1016 810 1071 viam
823 1016 951 1070 Romam
967 1030 1071 1069 versus
1080 1032 1146 1070 cum
1166 1014 1294 1087 Talpino
1304 1031 1334 1069 se
1344 1014 1523 1071 committat:
1533 1015 1614 1085 quod

434 1109 461 1162 si
472 1108 520 1163 hic
534 1106 621 1162 adire
635 1108 760 1169 recuset,
774 1104 856 1159 solus
868 1102 1106 1171 veniat-Quid
1123 1105 1159 1159 de
1181 1103 1310 1176 Toipiuo
1324 1104 1445 1168 sentiat,
1463 1106 1611 1175 operit.-

436 1198 573 1253 Paratus
585 1192 729 1268 Ignotius
743 1198 787 1249 est
808 1194 850 1249 ad
868 1197 964 1265 opem,
979 1197 1127 1263 quonium
1137 1192 1243 1264 possit,
1259 1192 1377 1249 Roseilo
1392 1192 1612 1265 serendam.-

435 1284 634 1342 Scitoiasticus
646 1284 788 1339 Parisios
798 1284 973 1339 mittendus.

451 1402 641 1469 Paria-A
663 1417 702 1467 12
719 1400 763 1467 de
779 1398 877 1467 Abril
898 1420 936 1467 se
958 1398 1063 1484 ynbio
1084 1402 1104 1465 ά
1128 1400 1237 1465 Paulo
1259 1397 1413 1466 Antonio
1433 1399 1464 1464 ln
1485 1397 1611 1483 hijuela

383 1517 567 1612 signiente.

451 1634 593 1717 Quanto
608 1654 629 1697 a
644 1631 677 1698 la
694 1640 822 1699 venuta
837 1630 881 1697 de
900 1632 945 1697 V.
970 1630 1011 1696 R.
1033 1629 1069 1696 in
1088 1640 1209 1714 questa
1230 1642 1332 1709 terra,
1353 1631 1395 1695 N.
1421 1632 1461 1695 P.
1480 1630 1499 1696 ὲ
1522 1630 1612 1695 neila

385 1746 589 1816 medessima
617 1744 759 1811 volumi
787 1746 854 1812 che
880 1744 1001 1831 prima,
1025 1746 1154 1831 perche
1178 1766 1248 1811 non
1267 1745 1297 1811 si
1324 1766 1454 1813 muoue
1473 1744 1610 1831 ligiera-

385 1874 500 1930 mente
514 1862 558 1927 ad
574 1883 641 1927 vna
657 1872 755 1947 parte
770 1882 793 1927 o
804 1860 901 1940 aitra3
921 1871 955 1928 et
972 1870 1093 1945 questa
1109 1882 1189 1927 cosa
1205 1880 1269 1927 sua
1286 1858 1455 1947 paternitt
1473 1860 1505 1927 la
1521 1860 1611 1927 tiene

302 2009 306 2015 »
387 1977 625 2043 racomandata
641 1998 661 2043 a
677 1974 755 2043 Dio.
776 1976 819 2041 Et
834 1976 906 2042 cosi
926 1975 959 2041 al
975 1986 1089 2061 tempo
1105 1975 1200 2041 detto
1217 1978 1262 2044 V.
1285 1978 1328 2046 R.
1350 1996 1387 2042 se
1408 1986 1499 2042 meta
1522 1976 1611 2042 nella

387 2090 441 2157 via
456 2093 484 2175 '‚
501 2090 666 2177 dandogli
681 2090 795 2157 sanita
817 2090 913 2157 iddio
940 2090 1060 2177 signor
1080 2102 1209 2173 nostr03
1226 2102 1261 2185 et
1280 2092 1392 2158 ancho
1409 2094 1511 2158 Mtr0.
1530 2092 1608 2158 Tai-

386 2208 479 2294 pino,
498 2228 519 2272 a
535 2205 592 2273 cui
607 2206 720 2274 littera
736 2208 784 2273 ho
802 2206 949 2292 risposto
966 2208 1073 2294 (come
1090 2206 1260 2291 vederete)
1278 2208 1289 2241 ⁸
1306 2228 1367 2293 per
1387 2205 1611 2273 commisique

388 2324 433 2391 de
448 2324 492 2389 N.
513 2322 553 2387 P.
573 2323 617 2387 Et
633 2344 670 2389 se
686 2321 733 2389 lui
750 2343 819 2387 nun
835 2321 984 2403 venessi,
1003 2342 1068 2406 pur
1084 2322 1201 2388 veniri
1222 2324 1264 2389 V.
1285 2322 1326 2389 R.
1351 2322 1395 2387 Et
1414 2320 1442 2387 si
1464 2320 1524 2403 lui,
1542 2342 1610 2387 non

389 2439 534 2506 essendo
554 2437 614 2522 piu
634 2437 799 2522 impedito
819 2457 880 2521 per
906 2436 1069 2504 infirmit&
1092 2436 1367 2515 estraordinaria,
1387 2458 1454 2502 non
1477 2436 1612 2503 uoliessi

387 2542 523 2621 metersi
541 2552 630 2621 nella
646 2551 700 2617 via
717 2552 856 2637 quando
872 2552 940 2631 voi,
960 2572 1040 2638 pare
1056 2574 1076 2617 a
1092 2552 1136 2619 N.
1158 2554 1196 2620 P.
1216 2554 1281 2621 che
1293 2574 1362 2618 non
1375 2552 1408 2618 lo
1420 2550 1611 2639 permitiate

386 2681 477 2735 stare
500 2667 551 2736 ira
571 2667 621 2754 gli
644 2665 765 2749 nostri,
788 2668 967 2754 percheto
991 2665 1235 2747 inobedientia,
1253 2669 1318 2734 che
1343 2689 1410 2734 non
1435 2668 1609 2746 ahuomo‚

387 2807 442 2852 ma
459 2806 478 2851 a
496 2783 574 2863 Di0‚
593 2782 621 2876 qi
638 2805 713 2864 vsa,
730 2803 801 2849 non
817 2785 851 2850 la
866 2784 935 2869 puo
952 2783 1059 2868 potire
1071 2805 1133 2850 sua
1150 2783 1331 2870 paterniti.

455 2902 597 2985 Quanto
619 2898 690 2985 agli
717 2898 861 2984 negotii,
879 2919 917 2964 se
938 2920 1007 2964 non
1024 2898 1071 2983 gli
1094 2899 1195 2965 averit
1225 2899 1324 2979 finiti,
1349 2901 1468 2986 poterit
1491 2899 1613 2964 lasciar

388 3038 455 3083 vna
476 3036 641 3103 procura,
664 3026 699 3082 et
719 3015 865 3098 qualche
886 3012 1024 3080 amicho
1045 3035 1065 3080 o
1089 3013 1221 3080 fratello
1250 3014 1322 3080 fari
1342 3015 1454 3101 quello
1477 3015 1543 3080 che
1564 3014 1612 3078 lui

388 3142 546 3216 presente
564 3130 683 3216 potria;
702 3130 827 3216 perchi
852 3131 895 3196 N.
918 3133 957 3196 Ρ.
977 3131 1062 3196 vede
1079 3128 1102 3196 il
1122 3151 1209 3216 gran
1224 3129 1371 3216 bisogno
1387 3133 1451 3198 che
1467 3132 1511 3196 ha
1527 3150 1609 3214 que·

387 3259 440 3312 sta
454 3267 599 3331 persona
615 3247 657 3314 de
669 3265 784 3314 essere
800 3244 930 3331 spicata
946 3246 1001 3312 dei
1015 3267 1118 3331 paese
1134 3267 1211 3314 suo.

455 3363 597 3446 Quanto
612 3362 644 3428 al
662 3373 764 3441 testu,
784 3362 802 3428 ὲ
818 3373 914 3427 certo
939 3383 1009 3427 non
1033 3364 1076 3428 ha
1097 3383 1117 3427 a
1138 3362 1255 3430 venire
1274 3385 1294 3430 a
1310 3363 1362 3428 sur
1380 3362 1449 3428 vitu
1468 3363 1519 3426 tra
1535 3363 1608 3427 bar·

394 3477 466 3543 bari
484 3488 519 3544 et
543 3488 647 3562 gente
675 3476 872 3556 inhumana,
891 3478 958 3544 che
979 3499 1045 3544 non
1070 3477 1164 3563 sapia
1184 3498 1291 3544 onon
1309 3478 1423 3564 vogiia
1444 3497 1616 3544 acommo-

392 3591 483 3658 darsi
500 3614 520 3657 a
536 3593 650 3677 quello
666 3595 730 3658 che
750 3594 783 3658 le
802 3593 896 3660 forze
916 3593 959 3659 de
979 3593 1131 3677 ognivno
1146 3605 1181 3660 et
1197 3593 1221 3658 il
1249 3594 1377 3660 talento
1400 3593 1554 3660 riceuuto
1574 3593 1618 3658 de

390 3707 457 3773 Dio
474 3706 741 3791 compatisc0n0;
760 3706 835 3772 anzi
853 3727 891 3772 so
907 3710 973 3772 che
989 3708 1032 3773 N.
1053 3710 1107 3788 P.,
1126 3729 1164 3776 se
1181 3729 1245 3794 pur
1260 3709 1347 3776 vede
1363 3709 1455 3793 quod
1471 3729 1617 3794 granum

392 3822 553 3888 frumenti
570 3824 697 3889 cadens
712 3823 747 3888 in
769 3834 859 3890 terra
880 3822 924 3888 sit
946 3838 1119 3889 mortuum
1142 3826 1153 3857 ⁴
1171 3836 1300 3908 quanto
1320 3826 1389 3890 ala
1406 3822 1539 3910 propria
1555 3846 1617 3886 vo-

390 3940 498 4017 lunta,
517 3939 546 4004 si
562 3939 784 4026 accommoda
799 3938 900 4006 etiam
918 3961 938 4005 a
954 3941 986 4008 le
1003 3939 1215 4006 inclinationi
1225 3929 1271 4008 'de
1282 3941 1438 4028 ogniuno
1452 3952 1487 4006 et
1498 3938 1616 4026 segui-

393 4068 425 4119 ta
445 4052 469 4119 il
496 4073 561 4120 suo
586 4053 721 4139 spiritu,
739 4075 861 4120 senon
889 4058 916 4121 s'
937 4055 1093 4142 aengessi
1114 4055 1157 4122 de
1184 4055 1331 4140 qualche
1350 4075 1478 4122 errore.
1496 4055 1534 4123 Si
1553 4057 1617 4120 che

446 4295 453 4326 ¹
493 4295 538 4348 Ex
550 4293 653 4350 codice
668 4295 784 4368 Regest.
800 4295 826 4363 1,
838 4295 889 4350 fol.
906 4308 989 4365 lgov,
1004 4313 1082 4350 vers.
1094 4296 1127 4350 28
1142 4313 1235 4369 usque
1247 4295 1285 4352 ud
1297 4295 1397 4352 finem.
1411 4297 1541 4352 Primum
1555 4313 1619 4350 ver·

390 4399 468 4453 sum,
481 4384 531 4456 qui
543 4384 726 4455 inscriptioni
740 4385 919 4456 aequivalet,
935 4401 1022 4440 manu
1036 4386 1151 4458 propria
1164 4386 1283 4458 scripsit
1297 4386 1328 4442 P.
1345 4385 1499 4444 Polancus.

360 4463 372 4487 ⁰
444 4477 456 4508 t
494 4473 617 4528 Romam
628 4490 742 4528 versus.
757 4473 939 4546 Ponticus,
956 4475 1081 4542 Chrom,
1096 4475 1117 4546 1,
1135 4475 1197 4546 296.

444 4563 455 4594 ³
493 4561 569 4617 Vide
582 4563 737 4634 epistotam
750 4570 924 4636 sequentem
938 4563 975 4619 ad
988 4563 1124 4620 eumdem
1138 4565 1304 4637 Talpinum.

400 4715 406 4736 ¹
447 4654 458 4686 ⁴
495 4651 752 4724 Jonu.,X11,24.
