3625 5375
369 492 424 549 632
751 494 960 549 Monunanra
980 492 1158 547 lanariam

335 645 467 733 mpnita
489 646 602 713 seriua
625 668 694 712 vna
715 647 849 726 lettera,
872 646 964 713 doue
984 642 1135 711 dimandi
1151 645 1184 711 la
1200 643 1386 723 erectione,
1405 655 1441 712 et
1456 642 1568 709 chesi

335 762 533 849 prouedano
549 762 668 829 denari
685 784 744 847 per
761 762 783 827 l'
801 760 1019 847 expeditione
1034 762 1059 825 ¹.

402 994 454 1062 2⁰
500 995 546 1063 Se
565 994 640 1062 dira
657 994 692 1062 in
709 1016 776 1062 vna
792 994 934 1081 figliola,
952 996 1017 1061 che
1032 992 1140 1061 siamo
1156 1003 1253 1059 tanto
1268 993 1428 1080 occupati
1450 992 1487 1058 in
1506 1015 1567 1061 ne-

335 1110 426 1197 gocii
443 1109 583 1197 proprii,
601 1112 666 1179 che
684 1132 750 1177 non
767 1110 939 1197 possiamo
957 1111 1126 1178 attender’
1145 1110 1188 1177 ad
1204 1108 1293 1190 altri,
1312 1108 1458 1180 maxime
1470 1110 1568 1175 fuora

335 1226 369 1291 di
385 1237 502 1293 nostra
517 1224 741 1313 professione;
757 1238 792 1294 et
808 1248 845 1295 se
861 1232 928 1313 pur
943 1224 1081 1311 qualch’
1097 1246 1165 1292 vno
1181 1224 1443 1294 raccommanda
1457 1244 1563 1312 nego-

335 1340 391 1425 cii,
409 1342 498 1411 deue
515 1342 698 1428 proueder'
717 1343 774 1409 chi
791 1342 876 1429 pigli
892 1342 915 1407 l'
933 1353 1088 1422 assunt0,
1102 1363 1124 1409 o
1139 1340 1257 1411 denari
1274 1362 1335 1427 per
1349 1343 1380 1407 la
1397 1362 1510 1427 spesa.

403 1458 455 1541 3.⁰
501 1458 644 1542 Quanto
660 1459 692 1525 al
709 1456 867 1524 nominat
888 1456 1023 1545 patroni
1046 1457 1101 1525 del
1124 1456 1333 1525 monasterio
1352 1455 1376 1521 il
1397 1458 1438 1522 P.
1463 1458 1566 1523 Mtro.

337 1572 483 1659 Ignatio‚
502 1576 566 1639 che
581 1572 628 1639 lui
647 1595 714 1639 non
732 1574 766 1639 lo
781 1572 892 1661 potria
909 1576 1094 1659 acceptar’,
1113 1595 1151 1641 se
1166 1595 1237 1640 non
1253 1573 1348 1641 fusse
1363 1594 1429 1639 con
1450 1572 1568 1638 condi·

337 1686 427 1755 tione
444 1690 522 1769 che,
541 1710 609 1755 non
626 1690 779 1776 potendo
794 1689 842 1756 lui
852 1690 1042 1789 'attenderss
1060 1688 1254 1757 nominasse
1270 1690 1326 1756 vn’
1343 1690 1431 1755 altro
1446 1688 1482 1753 in
1505 1710 1569 1754 suo

232 1864 235 1869 ,
336 1790 467 1891 Ιυοὲᾞο
485 1806 509 1869 ³.
554 1798 556 1803 ’

402 1919 455 2001 4.ο
501 1922 674 2005 Quantoa
691 1930 788 2006 prete
805 1920 957 1986 Antonio
973 1919 998 2000 ⁴,
1013 1918 1092 1989 dell’
1107 1920 1292 1988 accettarlo
1303 1921 1347 1988 ad
1359 1920 1567 2000 obedientia,

337 2038 401 2101 che
417 2057 486 2101 non
502 2036 590 2103 vede
606 2038 702 2102 come
719 2037 752 2101 lo
769 2058 870 2121 possa
888 2038 941 2102 sar
956 2058 1059 2104 senza
1075 2038 1185 2103 bauer
1205 2036 1444 2104 informatione
1464 2035 1499 2102 di
1520 2033 1571 2102 lui

336 2162 371 2217 et
402 2150 436 2216 di
464 2173 527 2219 sue
553 2163 665 2236 parte,
695 2174 793 2221 come
820 2152 854 2217 di
882 2151 1001 2231 litter',
1023 2163 1105 2230 etc.;
1124 2164 1160 2219 et
1179 2152 1246 2219 che
1266 2151 1399 2231 aduiso,
1424 2151 1567 2231 scilicet,

336 2264 426 2333 circa
447 2266 469 2330 l’
492 2268 722 2351 absolutione,
746 2269 824 2349 che,
852 2267 1068 2335 riceuendosi
1084 2268 1127 2333 ad
1143 2266 1350 2349 obedientia,
1368 2272 1468 2353 potra
1482 2268 1569 2334 darii

337 2382 368 2446 la
399 2382 626 2463 absolutione,
661 2396 743 2463 etc.;
774 2382 959 2449 altrimenti
991 2386 1056 2449 che
1086 2382 1284 2467 bisognaria
1310 2384 1453 2451 hauerla
1481 2384 1570 2450 della

336 2496 441 2577 curia,
460 2498 605 2565 lacendo
621 2500 766 2583 qualche
783 2520 894 2584 spesa,
914 2500 1063 2567 maxime
1079 2500 1202 2566 adesso
1217 2496 1251 2565 in
1269 2500 1353 2567 sede
1368 2509 1513 2565 vacante
1534 2510 1562 2557 ².

405 2612 455 2698 5.⁰
501 2614 567 2681 Del
584 2614 801 2680 tratamiento
818 2615 861 2680 de
878 2636 918 2680 su
935 2635 1064 2701 cuerpo
1082 2617 1106 2681 ⁵.

714 2729 889 2797 aniadas
906 2753 949 2796 en
966 2751 986 2813 4
1004 2732 1047 2798 de
1064 2734 1188 2798 Enero.

338 2861 548 2872 *—

389 2931 403 2960 ³
441 2916 526 2984 Quae
538 2921 717 2988 sequuntur,
731 2934 827 2972 marm
842 2917 879 2972 P.
892 2917 1023 2972 Polanci
1034 2922 1164 2973 exarata
1173 2923 1256 2972 sunt.

390 3071 401 3103 ²
439 3069 502 3122 Hoc
517 3069 676 3140 virginum,
691 3071 755 3124 Deo
768 3085 928 3141 sacrarum,
941 3069 1118 3124 coenobium
1132 3069 1258 3140 ipsemet
1273 3068 1423 3126 Landinus
1436 3069 1572 3132 institue·

338 3167 392 3226 rat,
407 3157 445 3212 de
457 3174 515 3230 quo
529 3157 664 3212 videatur
677 3158 861 3227 Focaneus
877 3155 1003 3224 Cicron„
1016 3159 1040 3228 1,
1054 3172 1118 3232 4⁰²3
1133 3158 1172 3226 ll,
1187 3172 1232 3227 24.

391 3248 403 3278 ³
488 3245 573 3318 «quia
586 3247 628 3311 sic
643 3247 739 3300 visum
753 3253 799 3300 est
813 3247 848 3300 P.
867 3247 994 3318 Ignatio,
1010 3248 1066 3301 sub
1079 3246 1218 3318 Episcopi
1232 3263 1302 3302 cura
1315 3263 1366 3301 eas
1378 3248 1569 3302 collocavit...

338 3343 369 3388 et
380 3335 515 3406 quamvis
529 3335 560 3394 P.
578 3335 724 3406 Ignatlum
738 3343 935 3408 protectorem
949 3337 1059 3390 habere
1070 3334 1243 3406 cupiebant,
1256 3351 1324 3389 curn
1338 3334 1402 3406 ipse
1412 3335 1570 3407 protectio·

338 3438 406 3480 nem
419 3425 493 3478 hanc
504 3441 562 3480 non
575 3424 755 3489 admitteret,
771 3433 800 3478 et
815 3424 982 3479 Florentiae
996 3423 1074 3478 Duci
1086 3431 1137 3479 aut
1148 3423 1292 3478 Ducissae
1302 3423 1384 3496 (quia
1394 3424 1502 3480 Casula
1511 3425 1569 3479 sub

340 3529 440 3566 eorum
459 3521 504 3568 est
522 3511 646 3568 ditionel
665 3512 695 3567 id
717 3511 910 3567 deferendum
930 3511 1089 3584 judicaret,
1103 3513 1147 3568 sic
1159 3513 1270 3568 factum
1291 3521 1366 3571 est»,
1387 3511 1571 3584 poraneus,

342 3601 474 3669 Chron„
488 3603 528 3672 11,
541 3616 586 3672 24.

392 3693 405 3726 ⁴
442 3691 499 3747 Hic
517 3691 561 3745 vir
579 3692 704 3760 litteras,
720 3691 756 3746 ad
770 3688 917 3761 Ignatium
931 3689 1015 3746 datas
1031 3704 1063 3759 17
1078 3689 1256 3746 Novembris
1272 3702 1350 3769 1549,
1363 3691 1571 3746 subscribebat

341 3781 499 3848 «Antonio,
523 3782 674 3851 capellano
693 3780 770 3836 della
783 3779 883 3835 chiesa
896 3780 933 3834 de
952 3781 1018 3836 Sta.
1036 3780 1172 3850 Felicita,
1185 3779 1201 3833 t
1214 3779 1245 3834 di
1258 3778 1375 3850 Casola‚
1390 3780 1423 3835 in
1436 3780 1570 3836 Gamla.»

342 3871 439 3939 Epist.
456 3869 578 3932 Mixtae,
594 3869 632 3938 Il,
645 3869 707 3937 329.
1040 3873 1055 3888 ⁴

394 3961 406 3992 ⁵
442 3957 580 4028 Corporis
600 3957 837 4030 castigationem,
857 3975 915 4030 qua
935 3975 967 4013 se
991 3957 1141 4012 Landinus
1164 3958 1302 4030 vexabat,
1323 3956 1415 4013 refert
1436 3957 1572 4012 laudatus

343 4048 490 4102 Antonius
509 4047 569 4102 suis
587 4045 624 4101 ad
643 4046 790 4116 Ignatium
810 4048 928 4119 litteris,
947 4048 1084 4119 huncque
1103 4055 1188 4114 rogat
1207 4045 1279 4102 velit
1299 4055 1398 4102 tantae
1418 4046 1573 4102 severitati

343 4137 459 4193 modum
474 4155 597 4219 ppnere.
1372 4150 1376 4159 ’
