3625 5375
350 464 403 521 366
654 471 658 483 '
729 467 937 522 Monounurn
956 465 1134 521 leserunt
1178 545 1184 557 ·

314 620 459 708 lgnati0,
477 620 707 686 dimandando
723 618 757 684 di
775 618 892 706 grazia
907 621 972 686 che
988 617 1045 684 doi
1062 629 1148 686 teste
1164 620 1209 687 de
1229 639 1334 686 ttooo
1346 618 1484 686 martire
1496 620 1539 686 de

314 736 467 816 Colonia,
483 739 547 802 che
563 757 626 802 sua
643 734 718 802 [Ψ
733 738 844 801 hauea
860 756 921 819 per
936 734 1118 820 disponere
1138 747 1173 803 et
1199 736 1369 802 collocare
1389 733 1423 799 in
1443 747 1540 820 parte

314 855 402 919 douc
419 851 489 918 ldio
506 854 550 918 N.
570 853 607 920 S.
627 853 718 919 fosse
734 851 793 937 piri
809 851 948 918 laudato
964 871 1186 937 persentire,
1204 852 1339 919 volesse
1355 865 1370 891 ²
1381 851 1542 918 mandare

313 969 345 1033 in
368 967 518 1036 Messina
541 969 607 1035 alle
628 967 692 1036 SS.
717 968 804 1035 Srie.
828 987 890 1052 per
910 966 1048 1034 il'nouo
1069 967 1217 1053 collegio
1242 968 1286 1033 de
1307 969 1381 1035 Sto.
1404 967 1539 1047 Nimio,

311 1105 374 1152 sua
390 1081 477 1162 Κῶ,
497 1085 706 1150 offerendole
722 1085 765 1151 de
782 1083 884 1149 molta
906 1083 996 1148 bona
1019 1083 1136 1168 uoglia
1152 1093 1187 1148 et
1210 1083 1400 1169 allegrezza
1416 1083 1452 1147 in
1469 1083 1542 1150 Do-

310 1199 415 1280 mino,
433 1220 493 1285 per
508 1200 541 1264 la
557 1199 740 1266 deuotione
756 1209 792 1265 et
803 1198 909 1263 molto
921 1197 1038 1283 obligo
1049 1200 1114 1263 che
1127 1197 1207 1264 tutti
1222 1201 1372 1265 hauenro
1388 1209 1541 1282 aquesta

285 1289 288 1302 ⁸
311 1327 406 1382 tanto
423 1317 549 1382 deuota
564 1326 600 1381 et
615 1313 729 1382 nobile
745 1313 842 1396 cittii,
861 1313 981 1380 ordino
993 1315 1059 1379 che
1073 1313 1201 1380 fossino
1214 1335 1259 1378 vn
1274 1335 1360 1399 poco
1377 1315 1541 1380 adornate

310 1453 370 1516 per
385 1431 417 1498 la
434 1429 656 1498 ueneratione
673 1453 693 1496 e
709 1427 892 1496 riverentia
909 1431 974 1495 che
987 1428 1015 1494 si
1031 1429 1155 1496 debbia
1172 1431 1300 1496 hauere
1316 1453 1336 1495 a
1357 1428 1467 1497 simile
1482 1449 1537 1494 re·

308 1546 412 1632 liquie
429 1557 546 1611 sancte
563 1545 588 1640 '³3
608 1545 728 1612 ecossi
744 1545 780 1609 fu
793 1547 878 1610 tatto
891 1544 913 1611 il
925 1556 1128 1613 ornamento
1141 1547 1204 1610 che
1218 1545 1342 1613 rederi
1356 1547 1381 1610 ¹:
1397 1556 1431 1611 et
1443 1565 1541 1612 corne

310 1663 353 1729 V.
373 1663 414 1728 R.
434 1685 471 1728 sa
488 1663 604 1730 benec
625 1662 656 1727 le
678 1675 791 1728 nostre
812 1661 989 1726 ricchezze
1012 1675 1140 1744 quante
1155 1673 1191 1726 et
1207 1661 1309 1745 quale
1328 1659 1437 1740 sian0,
1455 1680 1539 1746 pen-

309 1798 405 1844 sanro
421 1799 488 1862 que
504 1799 565 1863 per
582 1776 605 1841 it
623 1777 690 1845 tale
707 1786 910 1842 ornamento
926 1775 954 1842 si
970 1775 1179 1862 pigliasseno
1191 1778 1235 1842 de
1251 1776 1273 1840 li
1290 1777 1409 1844 denari
1422 1797 1538 1862 soper-

308 1892 415 1959 chiati
430 1893 518 1961 della
539 1892 757 1978 expeditione
778 1893 820 1960 de
837 1893 870 1959 le
887 1893 980 1958 bulte
1002 1892 1056 1958 del
1076 1891 1224 1978 collegio
1244 1903 1279 1959 et
1301 1891 1487 1959 vniuersiti
1504 1891 1537 1958 di

311 2007 471 2076 Messina.
555 2033 572 2092 '.
941 2016 946 2028 '

377 2125 489 2214 Dipoi,
508 2128 657 2193 anchora
673 2125 739 2192 che
757 2125 793 2192 S.
810 2125 846 2190 R.
863 2124 897 2188 in
915 2135 1006 2188 tutto
1023 2123 1050 2190 si
1067 2124 1248 2189 confidaua
1260 2125 1304 2190 de
1318 2125 1351 2191 le
1368 2124 1431 2191 SS.
1448 2124 1535 2191 Srie.

307 2245 374 2309 che
391 2242 608 2310 auerebbeno
628 2241 808 2325 perbene,
833 2249 959 2319 tamen,
978 2260 1047 2303 non
1071 2239 1230 2303 hauendo
1252 2238 1454 2305 comissione
1475 2261 1536 2304 ex·

308 2473 331 2538 il
349 2473 415 2539 tale
431 2482 645 2551 ornamento
664 2481 794 2554 quanto
811 2491 872 2556 per
887 2469 911 2532 it
932 2468 1056 2553 po'rtar’
1080 2481 1114 2535 et
1134 2490 1385 2554 acornpagnare
1406 2491 1473 2536 con
1486 2469 1536 2534 al-

306 2610 395 2656 cuna
407 2586 563 2654 decentia
579 2587 611 2651 le
628 2587 694 2651 tale
710 2596 744 2650 et
756 2596 812 2650 tan
825 2582 839 2622 ‘¹
851 2595 970 2651 sancte
981 2583 1135 2669 reliquie:
1150 2596 1184 2649 et
1200 2576 1352 2651 anchora
1363 2585 1535 2650 credendo

304 2709 369 2773 che
386 2695 429 2771 V.
449 2706 491 2771 R.
510 2703 668 2770 hauendo
683 2701 707 2765 il
723 2703 835 2766 fructo
851 2714 885 2767 et
903 2699 1013 2768 redito
1028 2702 1082 2768 del
1100 2702 1166 2767 tale
1183 2701 1341 2787 collegio²
1361 2702 1535 2787 parendoli

304 2843 417 2888 essere
429 2820 524 2905 justo
540 2820 606 2885 che
623 2817 657 2882 in
685 2816 797 2903 questi
826 2815 938 2902 giorni
966 2816 1075 2883 sancti
1103 2816 1146 2881 de
1168 2816 1354 2901 penitentia
1375 2816 1477 2883 habia
1491 2819 1537 2883 da

307 2940 377 3005 fare
394 2934 608 3003 restitutione
620 2936 662 2999 de
676 2932 758 3018 ogni
771 2954 851 2999 cosa
864 2932 987 3011 aliena3
1002 2932 1130 3015 quanta
1143 2932 1193 2997 sia
1204 2944 1238 2999 et
1252 2954 1349 2998 corne
1362 2956 1400 2999 se
1413 2932 1536 2999 debbia

305 3057 389 3131 fare,
407 3051 442 3116 in
459 3051 540 3137 ogni
557 3070 637 3115 cosa
665 3047 853 3114 remitiarno
882 3048 913 3112 al
940 3049 1031 3112 bono
1059 3048 1214 3133 ejuditio
1230 3050 1273 3113 de
1301 3048 1347 3114 V.
1377 3050 1418 3114 R.
1442 3050 1536 3115 etde

307 3172 408 3235 Mtro.
427 3165 590 3243 Antonin,
610 3164 632 3228 il
649 3164 749 3249 quale
767 3166 883 3247 poterit
900 3163 982 3228 dare
998 3163 1142 3248 ragione
1152 3163 1208 3230 del
1222 3174 1313 3229 tutto
1325 3163 1359 3228 in
1373 3162 1532 3231 Domino.

373 3286 426 3349 De
441 3284 563 3349 Roma.

373 3398 567 3482 Inscriptio.
588 3397 632 3462 Α]
649 3409 761 3462 rector
778 3397 821 3461 de
840 3394 983 3462 Mesina.

357 3618 370 3645 ε
393 3601 486 3655 Manu
509 3599 539 3653 S.
569 3598 697 3671 Ignatii:
720 3597 819 3667 prius:
846 3614 877 3651 se
903 3598 1021 3651 voleno.
1072 3600 1122 3639 —b
1148 3598 1362 3652 Additumttoc
1381 3598 1535 3653 verbuma

305 3692 336 3746 S.
351 3690 484 3763 ignatio.
526 3703 570 3731 ..c
585 3689 615 3743 S.
630 3688 773 3761 Igmtius
790 3687 923 3758 scripsit:
938 3694 968 3740 et
981 3702 1065 3741 corne
1078 3686 1119 3739 V.
1137 3686 1189 3745 Ra
1202 3704 1233 3740 sa
1252 3687 1339 3752 bene;
1355 3688 1447 3759 prius
1458 3689 1535 3759 lege·

304 3782 405 3835 batur:
418 3779 525 3834 vedere
539 3780 625 3833 bene.
674 3779 724 3821 ..d
745 3776 872 3831 Verbum
887 3785 937 3830 tan
955 3774 1077 3847 scripsit
1094 3776 1128 3830 S.
1150 3775 1306 3847 [gnatius;
1314 3778 1405 3847 prius
1421 3776 1535 3849 tegeba-

305 3876 367 3925 tur:
381 3870 448 3924 due.
493 3884 538 3910 -e
555 3868 584 3922 S.
601 3868 740 3940 [gnatius
758 3864 879 3937 scripsit
892 3867 981 3934 bonu,
992 3871 1051 3936 pro
1063 3866 1158 3933 sauio,
1171 3866 1251 3935 quod
1261 3866 1350 3936 prius
1367 3866 1533 3937 legebatur.

310 3974 507 3989 „„-...—....

357 4028 368 4057 ἓ
406 4019 561 4077 «Ornanda
575 4026 729 4073 curaverat
743 4034 777 4072 ea
788 4017 885 4088 capita
898 4025 930 4072 et
943 4032 1052 4085 arcam,
1063 4016 1093 4070 in
1106 4032 1163 4087 qua
1174 4026 1257 4071 erant
1267 4016 1453 4087 includenda,
1467 4035 1535 4073 curn

305 4128 411 4182 magno
424 4109 529 4165 decore
543 4118 572 4163 et
587 4124 643 4162 non
658 4107 722 4162 sine
736 4116 855 4178 sumptu
870 4106 902 4160 P.
914 4104 1081 4176 ignatius.»
1096 4106 1276 4176 PotnnctJS,
1296 4106 1419 4171 Cicron„
1433 4106 1458 4177 1,
1471 4104 1534 4177 367.
1615 4095 1619 4107 ’

303 4199 378 4256 Vide
392 4202 445 4254 hac
458 4199 495 4253 de
510 4214 540 4252 re
556 4199 685 4253 Mon'tJtt.
704 4198 892 4264 ΙῦΝΑτιΑΝΑ,
909 4194 1008 4249 Series
1023 4203 1137 4266 quarta,
1151 4193 1175 4258 Ι,
1191 4193 1243 4261 563
1256 4204 1286 4249 et
1300 4198 1363 4281 564,Ι
