3625 5375
758 446 967 503 Mououeusa
985 444 1166 502 lunanum

915 604 1005 684 1⁰33

364 746 609 815 GULlELMO
626 746 688 813 DE
710 747 870 814 PRATO
893 747 1125 815 EPISCOPO
1148 745 1552 851 CLAROMONTetto

738 893 826 935 nonu
848 892 859 933 1
882 892 1053 935 naseuntur
1075 892 1144 948 1550
1163 878 1183 933 ¹.

427 1005 471 1061 Ob
488 1005 599 1060 collato
618 1005 760 1077 berreficiu
779 1007 812 1061 in
831 1006 1017 1077 parisienses
1033 1006 1126 1061 socios
1143 1006 1268 1078 gratias
1284 1005 1491 1076 amplissimos

841 1094 984 1169 Ignotius
996 1095 1074 1167 agit.

949 1220 966 1273 'r

914 1278 990 1363 με.

407 1419 504 1485 Rme.
524 1416 661 1486 domine
677 1428 712 1483 et
728 1417 763 1483 in
780 1416 844 1484 X.⁰
857 1420 941 1505 Jesu
957 1415 1277 1485 observandissime.

407 1532 526 1599 Gratia
542 1544 576 1600 et
594 1555 661 1619 pax
676 1532 758 1601 Dni.
776 1532 883 1599 nostri
896 1536 981 1620 Jesu
997 1532 1053 1603 Χ.ἰ
1069 1532 1105 1598 in
1123 1532 1250 1600 nostris
1272 1530 1434 1597 cordibus
1455 1532 1568 1598 abun-

340 1651 410 1729 det,
429 1660 463 1717 et
480 1651 523 1715 ad
540 1649 647 1735 ipsius
663 1650 807 1737 gloriam
824 1649 948 1715 indies
965 1661 1146 1735 augeatur.
1171 1651 1295 1715 Arnen.

401 1768 478 1853 Jam
500 1787 519 1831 a
541 1764 773 1850 compluribus
801 1765 912 1843 annis,
938 1763 1035 1832 Rme.
1064 1765 1191 1850 presul,
1220 1774 1434 1849 perspectam
1460 1763 1572 1830 habeo

341 1880 459 1947 multis
476 1880 587 1947 modis
603 1879 881 1946 beneuolentiam
903 1880 995 1945 illam
1016 1890 1050 1947 et
1071 1878 1285 1962 charitatem,
1309 1900 1377 1963 qua
1397 1882 1486 1944 hanc
1508 1878 1571 1943 mi·

339 1996 467 2061 nimam
484 2007 635 2061 nostram
653 1994 859 2063 Societatem
876 1995 912 2061 in
928 1995 993 2062 X.⁰
1005 1997 1089 2084 Jesu
1106 1994 1345 2080 complecteris
1361 2004 1395 2061 et
1408 1996 1518 2073 foueS,
1536 2005 1572 2060 et

339 2112 383 2177 ob
401 2111 606 2179 desiderium
625 2110 762 2177 diuinae
778 2110 908 2197 gloriae
925 2123 960 2178 et
975 2110 1095 2177 salutis
1106 2109 1296 2178 animarum
1309 2110 1421 2189 iuuas,
1437 2120 1471 2175 et
1483 2111 1572 2174 velle

340 2248 544 2313 promouere
560 2227 596 2292 in
619 2228 692 2294 dies
714 2227 824 2311 magis
843 2238 947 2311 atque
968 2226 1090 2312 magis
1114 2226 1216 2294 etiam
1237 2225 1373 2312 propria
1400 2226 1503 2291 domo
1527 2225 1570 2292 ad

339 2342 563 2409 habitandum
580 2342 706 2409 nostris
722 2344 847 2421 oblata,
866 2343 1032 2408 ostendis.

405 2460 460 2539 Et,
478 2470 516 2523 vt
532 2460 574 2525 de
587 2456 820 2525 recentissimo
833 2456 1002 2525 beneficio
1015 2467 1146 2523 tantum
1159 2456 1291 2540 loquar,
1306 2456 1465 2541 quamuis
1477 2459 1567 2536 De0,

338 2575 506 2641 honorum
522 2572 674 2640 omnium
691 2572 788 2653 fonti,
803 2596 864 2660 per
881 2594 1119 2657 quaecumque
1135 2570 1247 2639 media
1262 2572 1306 2638 ad
1320 2593 1384 2637 nos
1400 2574 1566 2654 defluant,

337 2702 516 2776 acceptum
537 2692 603 2757 hoc
629 2693 812 2769 feran1,ac
838 2691 961 2768 eidem,
991 2701 1029 2754 vt
1057 2689 1302 2755 remuneratori
1330 2689 1569 2758 liberalissimo

337 2827 468 2886 eorum,
483 2827 571 2891 quae
587 2827 648 2891 pro
664 2806 737 2871 eius
754 2808 882 2872 honore
899 2806 999 2887 liunt,
1016 2804 1272 2871 retributionem
1287 2805 1456 2892 integram
1472 2827 1566 2872 com-

336 2921 517 3002 misserim,
540 2923 724 2989 defuturus
742 2931 858 2987 tamen
876 2919 1098 3006 gratitudinis
1120 2920 1232 2985 officio
1249 2921 1333 2985 rnihi
1360 2921 1513 3003 videbar,
1538 2923 1568 2987 si

337 3047 430 3103 certe
446 3038 560 3121 aliquo
577 3037 766 3103 litterarum
788 3036 916 3100 indicio
933 3035 1138 3103 beneficium
1155 3058 1219 3101 nos
1235 3058 1483 3122 recognoscere
1496 3059 1567 3104 non

337 3154 566 3221 ostenderem.
587 3154 667 3236 Ago
683 3173 767 3237 ergo
785 3152 857 3233 tibi,
877 3154 974 3218 Rme.
993 3151 1142 3231 domine,
1161 3150 1290 3237 gratias
1306 3173 1410 3236 quarn
1426 3173 1565 3239 possum

337 3269 513 3349 maximas,
533 3289 609 3336 meo
626 3279 661 3336 et
678 3267 860 3336 Societatis
877 3267 982 3332 totius
999 3267 1148 3348 nomine;
1167 3277 1202 3334 et
1219 3267 1283 3334 Dei
1305 3266 1493 3336 bonitatem
1509 3291 1569 3334 su—

336 3405 426 3452 mam
444 3405 576 3471 precor,
597 3396 634 3449 vt
656 3383 802 3470 gratiam
825 3405 924 3449 suam
947 3382 1157 3468 spiritualem
1179 3396 1213 3450 et
1234 3396 1348 3450 cetera
1370 3386 1472 3464 dona,
1504 3407 1570 3470 que

337 3504 504 3570 hactenus
527 3511 607 3568 tuae
627 3497 1057 3568 dominationi'liberaliter
1079 3497 1238 3577 contulit,
1261 3515 1444 3566 conseruet
1472 3510 1507 3565 et
1534 3499 1569 3566 in

336 3617 410 3684 dies
426 3626 565 3701 augeat,
589 3617 632 3681 ad
653 3614 798 3682 ecclesie
818 3635 902 3681 suae
926 3612 1155 3679 Vniuersalem
1177 3612 1369 3680 vtilitatem.
1391 3615 1465 3681 Nos
1488 3636 1570 3682 vero

336 3753 454 3800 omnes
472 3753 572 3816 quam
590 3730 821 3797 deditissimos
842 3741 1008 3816 perpetuo
1026 3729 1098 3795 fore
1120 3740 1199 3794 tuae
1219 3729 1445 3795 dominationi
1465 3731 1567 3812 scias;

335 3848 436 3914 etsie
454 3869 587 3932 precor,
608 3860 644 3911 vt
661 3867 760 3912 veros
776 3845 864 3911 filios
880 3857 915 3913 et
930 3845 966 3909 in
983 3845 1073 3910 Dno.
1098 3846 1141 3910 N.
1169 3845 1252 3929 μευ
1273 3844 1338 3912 Χ.0
1359 3845 1569 3913 obedientis-

336 3963 439 4028 simos
452 3965 570 4042 ducas,
586 3973 632 4042 et,
647 3984 715 4046 qua
727 3961 846 4047 cepisti
860 3961 1026 4041 charitate
1038 3972 1072 4026 et
1086 3960 1323 4043 beneficentia,
1337 3962 1566 4046 prosequaris

404 4081 508 4165 Quod
525 4078 659 4165 scripsit
676 4080 719 4144 ad
736 4099 798 4143 nos
824 4059 918 4164 Mag.
945 4079 1097 4163 Joannes
1121 4076 1275 4162 Baptista
1299 4079 1310 4109 ²
1334 4088 1450 4145 noster
1473 4091 1569 4144 tuam

340 4195 535 4202 ψ’..-

391 4235 398 4266 ¹
436 4232 481 4284 Ex
494 4229 671 4286 adversariis
685 4229 875 4302 autographis
890 4229 923 4283 P.
939 4228 1070 4294 Polanci,
1089 4228 1119 4282 in
1136 4227 1239 4282 codice
1264 4229 1361 4298 Epist.
1384 4229 1516 4284 Polanci
1533 4248 1569 4284 ex

335 4339 455 4385 comm„
479 4338 489 4379 1
510 4320 574 4391 fol,
596 4339 626 4376 n.
653 4321 713 4388 126,
739 4320 818 4390 prius
845 4331 905 4388 191.
930 4319 1034 4372 Exstat
1057 4317 1121 4388 ejus
1144 4319 1334 4372 summarium
1355 4318 1385 4373 in
1402 4317 1522 4392 aegest.
1541 4317 1568 4382 1,

336 4409 387 4466 fol.
404 4423 487 4482 rosv,
502 4427 581 4465 vers.
595 4408 689 4480 3133,
704 4411 739 4463 P.
758 4408 878 4463 Polanci
893 4425 1004 4462 manu·

366 4504 398 4535 ’ἰ
437 4502 568 4570 Joannes
586 4501 651 4554 Bta.
666 4499 762 4554 Viola.
784 4499 827 4552 De
847 4496 1000 4552 beneficiis
1017 4505 1127 4564 autem,
1148 4514 1224 4568 quae
1246 4497 1333 4552 sociis
1356 4496 1568 4569 parisiensibus

336 4589 492 4660 episcopus
507 4591 755 4654 claromontanus
771 4587 938 4643 Gulielmus
949 4587 986 4641 de
1001 4588 1101 4653 Prato,
1115 4585 1211 4658 perid
1224 4596 1342 4658 tempus
1355 4587 1492 4655 contulit,
1505 4586 1570 4657 agit

336 4681 519 4748 Focaneus
535 4677 660 4742 Clrron„
675 4678 714 4742 ΙΙ,
729 4677 763 4731 88
775 4686 805 4732 et
818 4694 902 4750 seqq.
