3625 5375
382 473 436 518 ιω
762 465 970 521 Mouuusnrr
990 467 1168 524 Iaurruur
1215 449 1219 458 ’

343 635 420 682 esse
447 637 466 680 a
493 635 627 680 summo
658 615 819 702 pontifice
851 615 1058 703 (impensius
1088 620 1266 688 adnitente
1295 620 1436 687 domino
1471 623 1576 690 Patre

296 783 297 786 ,
344 743 461 796 nostro
473 728 485 770 f
496 729 653 816 Ignatio),
672 742 710 796 ut
726 743 796 798 non
808 744 824 782 ²
836 733 1003 801 faeminas
1018 735 1198 804 admittere
1213 735 1247 802 in
1265 737 1494 804 obedientiam
1506 738 1573 806 so-

343 844 459 914 cietati
476 857 613 913 nostrae
628 845 758 929 liceret,
780 849 876 932 quod
898 848 1034 935 magnis
1053 851 1098 917 de
1116 851 1230 918 causis
1251 851 1412 938 expedire
1432 852 1575 918 omnino

343 961 529 1028 iudicatum
546 972 599 1028 est
614 965 639 1028 ⁰.
659 963 761 1030 Nunc
774 974 891 1030 autem
903 985 983 1030 cum
999 964 1238 1032 hiscevltimis
1251 966 1360 1033 literis
1374 965 1499 1034 vestris
1514 989 1573 1035 ve·

344 1088 470 1146 nerunt
486 1077 620 1162 aliquae
635 1080 679 1144 ad
694 1079 740 1148 D.
758 1079 958 1147 Cornelium
977 1084 1001 1162 ²,
1026 1081 1152 1166 quibus
1172 1082 1306 1170 aliquae
1326 1082 1413 1168 piae,
1437 1094 1566 1151 utere·

343 1192 477 1275 dimne,
501 1193 669 1262 faeminae
696 1215 734 1263 se
761 1195 978 1290 obedientiae
1000 1197 1123 1266 merito
1145 1199 1235 1265 nolle
1261 1192 1379 1265 carere
1401 1209 1569 1265 asserunt.

345 1311 543 1395 Vtcumque
565 1321 678 1376 tamen
700 1309 777 1376 illae
796 1331 878 1378 suae
902 1312 1079 1380 deuotioni
1096 1314 1217 1381 volent
1234 1313 1271 1379 in
1294 1325 1482 1399 conspectu
1502 1315 1572 1380 Du·

344 1425 426 1491 mini
450 1425 662 1508 satisfacere,
681 1425 809 1495 nemini
832 1439 985 1494 vestrum
1005 1451 1122 1496 earum
1143 1429 1372 1498 obedientiam
1394 1427 1574 1495 admitten-

344 1543 423 1609 dam
440 1561 516 1610 esse
533 1547 684 1624 statulte,
703 1541 751 1608 ita
774 1554 812 1608 vt
839 1542 918 1610 illae
945 1554 1140 1625 teneantur,
1165 1546 1258 1630 quod
1284 1544 1348 1610 erit
1365 1543 1569 1624 iniunctum,

344 1668 528 1743 praestare3
543 1656 686 1724 consilio
699 1667 815 1724 tamen
824 1658 992 1726 adiuuare
1003 1669 1038 1725 et
1051 1669 1342 1728 sacramentorum
1355 1657 1570 1724 administra·

345 1772 438 1841 tione
452 1773 488 1838 in
505 1771 672 1854 ecclesiis,
691 1784 792 1858 prout
808 1773 987 1840 charitatis
1002 1774 1089 1841 ratio
1105 1775 1266 1859 postulat,
1285 1774 1413 1840 licebit.

410 1890 463 1956 De
479 1907 595 1956 sorore
611 1909 693 1955 vero
705 1888 834 1955 domini
848 1888 998 1957 Cornelii
1010 1890 1124 1975 (quam
1137 1911 1221 1957 sane
1233 1890 1430 1976 religiosam
1442 1899 1477 1955 et
1489 1911 1573 1958 vere

345 2002 563 2070 christianam
586 2003 766 2070 faeminam
786 2004 1039 2091 intelleximus),
1060 2005 1156 2089 quod
1177 2005 1221 2071 ad
1245 2004 1474 2072 obedientiam
1491 2004 1570 2070 atti-

345 2129 415 2198 net,
430 2099 553 2190 ¹eadem
570 2127 623 2186 est
638 2119 736 2200 rati03
755 2120 799 2188 de
815 2118 1068 2186 cohabitatione
1087 2141 1171 2188 vero
1195 2121 1299 2189 Pater
1317 2121 1350 2185 in
1375 2120 1441 2187 X.⁰
1456 2131 1574 2188 noster

344 2215 475 2316 censet,
493 2233 631 2302 minime
653 2233 800 2302 instituti
822 2234 930 2300 nostri
953 2234 1110 2302 homines
1130 2236 1265 2316 decere,
1288 2248 1325 2299 vt
1346 2255 1411 2301 nec
1431 2234 1575 2302 alterius

343 2347 510 2433 cuiusque
526 2347 703 2418 faeminae.
720 2348 922 2417 Curandum
938 2371 1023 2436 ergo
1043 2349 1141 2416 vobis
1157 2349 1232 2430 erit,
1255 2361 1293 2415 vt
1314 2360 1412 2417 extra
1431 2352 1571 2416 domum

343 2485 396 2544 ea,
415 2447 517 2550 quam
533 2465 807 2533 commodissime
827 2479 862 2532 et
884 2466 1012 2552 optime
1031 2465 1106 2534 fieri
1126 2467 1245 2552 possit,
1268 2469 1323 2533 vel
1339 2467 1375 2532 in
1400 2477 1573 2534 monaste-

345 2580 407 2661 rio,
426 2581 480 2649 vel
496 2581 554 2647 vbi
570 2581 732 2668 expedire
748 2582 821 2668 ipsa
837 2581 1054 2662 indicauerit,
1072 2583 1271 2664 collocetur3
1286 2583 1345 2668 qui
1360 2582 1376 2624 l·
1391 2581 1574 2649 officiosio-

346 2718 399 2763 res
421 2696 453 2764 ei
474 2708 571 2764 extra
598 2698 750 2778 domum,
775 2718 875 2783 quam
900 2698 929 2765 si
949 2696 1042 2763 domi
1066 2711 1169 2780 esset,
1193 2721 1254 2766 vos
1273 2700 1305 2765 ei
1327 2699 1491 2767 exhibere
1512 2719 1575 2785 par

344 2813 420 2880 erit.

412 2930 518 3015 Quod
539 2930 583 2995 ad
611 2950 724 2997 rerum
751 2939 943 2997 vestrarum
973 2929 1229 3016 dispositionem
1257 2934 1313 3016 (ne
1340 2929 1522 3017 negocium
1536 2941 1573 2995 vt

344 3044 492 3112 scribitis
509 3044 691 3130 facessant)
713 3040 732 3123 ¹,
753 3046 856 3111 Pater
872 3044 909 3110 in
930 3045 995 3112 X.⁰
1015 3056 1133 3113 noster
1151 3045 1310 3111 dominus
1331 3044 1484 3131 Ignatius
1500 3066 1572 3112 rem

344 3182 479 3228 omnem
497 3170 633 3228 vestrae
648 3159 850 3246 prudentiae
865 3160 1060 3240 committit,
1078 3158 1206 3245 quodi,
1224 3160 1371 3247 negocio
1387 3162 1462 3228 Deo
1478 3180 1572 3225 com-

345 3276 503 3342 mendato
527 3286 561 3341 et
577 3296 759 3362 perpenso,
777 3296 819 3341 eo
835 3277 950 3356 mod0,
969 3296 1125 3361 quorem
1147 3276 1332 3362 gratiorem
1348 3278 1505 3345 Deo'vos
1521 3279 1575 3342 fa·

343 3400 459 3457 cturos
472 3390 721 3471 existimabitis,
739 3389 782 3457 de
800 3390 898 3457 bonis
916 3391 1041 3459 vestris
1056 3390 1258 3477 disponetis3
1278 3402 1412 3457 tantum
1424 3393 1490 3458 hoc
1501 3412 1576 3457 rno-
1606 3380 1609 3386 ’

344 3506 446 3587 nebo,
465 3506 558 3593 quod
575 3506 603 3573 si
619 3504 731 3591 aliqua
756 3504 846 3573 ratio
866 3504 1089 3573 disserendam
1107 3506 1162 3574 vel
1182 3493 1323 3573 omnino
1343 3508 1399 3572 vel
1421 3528 1465 3573 ex
1481 3517 1578 3591 parte

344 3624 513 3688 bonorum
535 3633 729 3689 vestrorum
750 3620 1041 3706 dispensationem
1063 3622 1236 3702 suaderet,
1258 3620 1295 3686 id
1313 3622 1413 3688 vobis
1427 3644 1488 3708 per
1510 3622 1577 3691 So·

345 3738 478 3804 cieratis
490 3712 731 3823 dispositiones
742 3736 768 3817 ¹¹,
784 3738 838 3802 vel
851 3736 955 3805 etiam
968 3736 1267 3820 consuetudinem,
1278 3739 1389 3805 donec
1401 3738 1578 3805 emittatur

344 3852 521 3941 professio,
544 3851 683 3919 minime
710 3850 896 3938 prohiberi;
927 3862 1062 3919 tautum
1083 3863 1122 3919 vt
1141 3854 1185 3919 ab
1207 3853 1262 3920 his
1283 3853 1418 3921 animus
1441 3862 1574 3919 tantum

346 3970 473 4037 affeetu
486 3967 495 4009 ¹
509 3967 654 4047 exuerit,
672 3980 708 4035 ct
729 3978 869 4053 paratus
888 3967 933 4035 sit
951 3967 1076 4054 reipsa
1097 3990 1136 4036 se
1155 3989 1295 4048 exuere,
1317 3970 1454 4052 quando
1473 3990 1577 4055 supe·

346 4085 426 4151 riori
442 4085 555 4152 visurn
572 4082 675 4151 fucrit
692 4082 864 4169 expedire.
891 4084 1005 4151 Unum
1027 4084 1160 4163 addam,
1183 4082 1286 4150 finem
1308 4102 1386 4149 mox
1407 4086 1574 4166 facturus,

346 4201 439 4286 quod
455 4199 586 4266 scilicet
608 4198 819 4267 intellectum
847 4208 899 4267 est
926 4197 1049 4265 vestris
1076 4221 1118 4266 ex
1145 4196 1264 4279 literis,
1294 4200 1386 4284 quod
1409 4198 1498 4266 inter
1519 4220 1573 4280 ea,

346 4322 544 4335 -qn-——n-—u—

399 4373 410 4413 s
444 4377 544 4425 nostro
558 4370 595 4425 D.
615 4368 705 4427 alter.
730 4365 795 4423 '-a
814 4384 851 4423 ne
864 4367 954 4423 alter.
994 4366 1044 4409 -h
1066 4364 1131 4441 qui?
1146 4364 1251 4439 quare?
1268 4386 1336 4435 ms,-
1349 4379 1379 4423 et
1390 4368 1501 4437 altem
1517 4388 1578 4443 quo

345 4459 491 4515 Hanssslt.
529 4457 572 4499 -ῐ
591 4454 698 4511 attinet
711 4454 839 4511 additur
852 4454 885 4509 in
899 4455 1025 4514 iratior.»
1062 4455 1105 4506 -i
1124 4455 1175 4527 qui
1193 4454 1283 4514 after.
1322 4460 1373 4499 -k
1391 4456 1576 4513 constitutio-

345 4564 398 4605 nes
411 4546 501 4603 alter.
540 4546 582 4587 ..1
601 4545 760 4606 animasse
771 4544 833 4617 jam
846 4542 957 4599 aflectu
969 4544 1060 4601 ulter.

346 4644 533 4656 ...ψ-α

398 4692 411 4726 ⁸
448 4688 554 4762 Supra,
568 4688 590 4761 1,
607 4702 671 4759 424,
686 4698 815 4759 515·519.
1062 4692 1073 4721 ²
1109 4687 1280 4745 Cornelium
1294 4690 1503 4751 Vishavaeum.
