3625 5375
273 516 275 531 .
393 479 445 536 312
771 477 980 534 Monuuanaa
998 477 1177 534 quenum

356 637 387 702 el
403 637 506 702 Mtro.
522 631 699 700 Bobadilla
717 631 741 712 ³,
755 631 800 700 de
816 632 962 699 muchos
973 639 1059 700 auos
1073 631 1277 700 afficionado
1292 634 1325 702 al
1340 632 1494 721 spiritual
1511 655 1585 702 ser-

356 749 446 816 uicio
461 750 505 818 de
521 751 565 816 V.
586 749 640 828 12„
657 769 682 834 y
696 767 844 833 persona
859 747 903 814 de
918 747 1063 816 muchan
1079 748 1183 816 letras
1198 750 1382 835 ybondad,
1400 749 1585 836 ynbiadoa

354 885 413 934 esa
429 865 566 945 cindad,
583 883 620 930 se
636 865 795 950 enpleart
811 861 878 951 [en]
896 864 1056 935 consular
1070 864 1181 937 conla
1198 865 1338 950 palabra
1352 867 1408 932 del
1419 866 1544 948 Senot,
1562 890 1584 953 y

339 970 462 1050 'seruit
478 987 498 1048 a
514 983 563 1048 las
579 979 722 1062 animas,
746 990 875 1066 quanto
897 980 930 1051 le
955 977 1194 1051 administrare
1213 1003 1255 1048 su
1271 981 1389 1069 gracia
1410 984 1442 1049 el
1463 995 1585 1050 auctor

352 1099 396 1168 de
413 1099 495 1169 todo
511 1099 543 1164 el
555 1095 647 1178 bien,
671 1097 747 1166 Iesu
769 1095 833 1164 X.⁰
853 1095 940 1164 Dios
958 1118 981 1182 y
1001 1105 1104 1166 senor
1124 1103 1317 1178 uaesana
1340 1097 1444 1186 quien
1465 1121 1511 1186 yo
1525 1121 1584 1166 su·

351 1214 442 1302 plico
458 1233 628 1296 conserua
643 1211 779 1298 sienpre
794 1233 817 1298 y
833 1223 995 1280 aumente
1011 1234 1056 1279 en
1072 1211 1116 1282 V.
1134 1213 1174 1278 E.
1194 1235 1235 1280 su
1252 1235 1335 1300 muy
1350 1213 1489 1302 copiosa
1500 1222 1582 1302 g'ra‘·

352 1326 406 1397 cia
422 1346 503 1416 para
519 1351 639 1415 mayor
654 1328 764 1416 gloria
779 1351 802 1414 y
818 1330 984 1396 alabanza
999 1328 1043 1398 de
1059 1350 1100 1394 su
1117 1340 1218 1396 santo
1234 1332 1391 1400 nombre.
1409 1332 1536 1400 Amen.

418 1449 471 1514 De
487 1448 596 1514 Roma
617 1446 655 1514 18
672 1446 715 1512 de
732 1447 845 1514 Enero
866 1461 964 1534 1549.
1025 1425 1035 1446 ⁴

416 1565 450 1628 A
466 1568 575 1649 tergo,
591 1561 663 1628 alin
679 1581 800 1630 manu.
823 1577 921 1648 1549.
941 1562 1062 1628 Roma.
1081 1563 1123 1628 P.
1144 1542 1308 1643 Poianco,
1331 1563 1371 1630 18
1390 1563 1436 1632 de
1456 1563 1579 1632 Enero.

421 1679 462 1743 In
479 1679 651 1765 Regesne.
670 1680 748 1745 Una
766 1689 862 1744 carta
877 1697 958 1762 para
974 1676 1067 1745 dona
1078 1677 1189 1764 Joana
1203 1677 1248 1746 de
1268 1679 1414 1764 Aragdn
1434 1680 1461 1762 ⁸,
1480 1693 1581 1748 ‘escu-

352 1793 459 1860 sando
473 1793 517 1862 de
534 1815 578 1860 no
590 1793 712 1860 imbiar
728 1799 747 1858 a
764 1793 979 1877 Salmerdny
994 1790 1154 1859 diziendo
1169 1793 1214 1860 de
1231 1793 1422 1862 Bobadilla.

932 1967 1008 2046 5411

532 2107 706 2196 JOANNI
731 2107 1094 2174 EVANGELISTAE
1116 2109 1179 2176 DE
1202 2109 1392 2178 AVERSA

758 2261 847 2304 noun
863 2247 895 2302 18
907 2259 1055 2314 Jnuunnn
1069 2261 1139 2321 1549
1151 2250 1171 2303 ¹.

351 2386 434 2441 [dem
448 2389 678 2460 argumentum,
699 2383 735 2440 de
748 2399 806 2454 quo
819 2385 853 2438 in
872 2384 1029 2456 superiore
1041 2382 1348 2457 epistota-Gratias
1368 2385 1437 2458 agit
1453 2387 1490 2443 de
1511 2359 1581 2441 bene

835 2477 954 2546 excepto
969 2471 1089 2530 Lninio.

420 2613 521 2697 [Para
536 2607 699 2697 Napoles,
723 2607 761 2674 18
774 2607 818 2674 de
839 2607 1062 2701 Enero.]-2.
1092 2609 1179 2680 Otra
1200 2631 1282 2697 para
1304 2610 1336 2676 el
1357 2609 1445 2676 abad
1462 2609 1580 2676 Euan·

350 2728 474 2816 gelista
490 2729 516 2807 ²,
534 2727 635 2795 sobre
651 2727 683 2791 lo
711 2746 854 2805 mesum,
872 2746 894 2809 y
918 2724 1034 2791 dando
1060 2724 1191 2812 gratias
1211 2726 1267 2795 del
1290 2726 1521 2813 acogimiento
1535 2726 1580 2792 de

350 2847 487 2931 Laynez
504 2866 526 2929 y
542 2846 586 2911 D.
605 2844 783 2911 Ferrante.

329 3150 331 3155 .
402 3096 413 3131 ⁵
450 3098 496 3151 De
509 3094 583 3151 actis
594 3092 764 3149 Bobadillae
778 3092 911 3163 Neapoli,
925 3090 1060 3147 videatur
1069 3092 1254 3162 ΡοιΑΝουε,
1265 3092 1392 3161 Clarum,
1402 3093 1428 3163 1,
1437 3090 1578 3164 389,390.

402 3191 414 3221 ⁶
451 3188 497 3241 De
510 3185 625 3255 Joanna
647 3182 806 3253 magonia,
830 3179 950 3239 Ascanii
968 3178 1142 3250 Columnae,
1162 3180 1246 3237 ducis
1263 3181 1462 3253 Tegliaenzza
1475 3197 1577 3249 uxore,

239 3305 245 3319 ι
351 3276 484 3333 videatur
498 3272 576 3331 idern
590 3273 774 3342 POLANGUS,
790 3270 917 3337 Chron„
929 3270 969 3341 11,
982 3281 1046 3339 427,
1060 3276 1092 3325 et
1104 3286 1202 3341 supra,
1218 3270 1240 3336 Ι,
1254 3282 1318 3339 255.

403 3461 410 3491 ¹
449 3456 492 3509 Ex
505 3452 607 3509 codice
620 3452 737 3525 Regnat.
752 3450 777 3513 1,
790 3448 840 3509 fol.
855 3448 931 3521 1811,
944 3466 1021 3505 vere.
1034 3460 1079 3514 21,
1094 3448 1127 3503 P.
1142 3448 1264 3504 Polanci
1277 3466 1376 3504 manu.

399 3550 410 3581 a
449 3544 604 3601 «Abbas...
620 3538 791 3596 monasterii
805 3538 906 3594 Sancti
920 3537 1069 3607 Severini,
1083 3537 1134 3593 ubi
1149 3536 1320 3610 aliquandiu
1337 3537 1486 3595 habitavit
1501 3538 1579 3609 [Lai-

347 3636 436 3707 niun,
449 3650 516 3689 cum
530 3648 636 3703 magno
650 3630 758 3685 doloris
769 3644 858 3684 sensu
872 3626 937 3699 ejus
949 3627 1114 3683 discessum
1135 3625 1252 3698 tulit...‚
1269 3626 1349 3681 unde
1370 3626 1461 3683 alium
1471 3629 1579 3683 saitem

345 3727 410 3796 eJ'ua
424 3727 488 3780 loco
500 3722 646 3787 submitti,
660 3718 710 3792 qui
723 3717 827 3773 eadem
841 3724 973 3788 praestet
984 3714 1138 3774 eharitatis
1150 3716 1256 3787 officia,
1267 3733 1285 3771 a
1298 3716 1332 3775 P.
1344 3716 1461 3787 ignatio
1474 3716 1579 3789 petit.»

347 3817 529 3885 ΡοιΑΝσυε,
545 3812 669 3877 Οὴνοη.,
684 3812 708 3879 1,
723 3811 776 3865 280
794 3816 825 3864 et
843 3808 905 3863 281.
920 3807 1004 3864 Illius
1021 3814 1120 3863 autem
1131 3806 1258 3877 litteras,
1272 3806 1310 3863 ad
1322 3807 1471 3879 Ignatium
1484 3806 1577 3878 datae,

345 3904 445 3961 atatim
459 3903 527 3959 huie
541 3899 699 3957 summario
711 3896 930 3970 subjungimus.
942 3897 988 3950 De
999 3895 1104 3951 eodem
1114 3897 1223 3951 abbate
1234 3894 1297 3967 agit
1310 3896 1432 3951 Lainiua
1441 3896 1579 3953 scribens

346 3996 382 4051 ad
397 3992 553 4065 ignatium.
568 3991 644 4047 Vide
662 3990 726 4061 ejus
744 3988 899 4060 epistolam
918 3985 996 4057 apud
1013 3985 1136 4053 Tum,
1157 3986 1233 4039 Vidn
1251 3984 1334 4042 del...
1354 3985 1458 4041 Padre
1479 3984 1579 4059 Dioge

348 4086 473 4157 Lnynez,
487 4084 511 4151 1,
527 4094 589 4151 215.
604 4080 778 4151 Cognomen
789 4092 860 4133 vero
872 4075 966 4131 nostri
979 4074 1108 4145 abbatis,
1118 4073 1197 4147 quod
1207 4074 1350 4147 epistolae
1362 4074 1577 4149 inscripsimue‚

345 4174 470 4231 mutuati
484 4188 585 4228 sumus
599 4170 637 4226 ab
648 4171 810 4237 8011111081,
824 4163 938 4223 [storia
955 4164 1038 4218 dalla
1058 4160 1252 4237 Compagnia
1269 4164 1304 4220 di
1322 4162 1416 4220 Gieed
1434 4168 1579 4238 apparte-

345 4270 432 4321 nente
445 4262 477 4318 al
488 4262 592 4335 Regno
605 4260 638 4317 di
652 4256 776 4330 Naeuii,
790 4263 872 4327 parte
886 4252 989 4327 prima,
1005 4252 1057 4308 lib.
1069 4252 1093 4325 1,
1104 4266 1172 4323 eap.
1186 4251 1217 4309 3.
