3625 5375
355 397 407 452 106
733 398 941 455 Monuurnm
959 398 1138 454 Iounrrsrm

318 547 352 614 in
370 549 538 635 hospitale
554 549 663 618 sancti
675 548 795 639 Jacobi
811 549 1051 639 incurabilium
1067 549 1157 616 viuis
1172 549 1301 619 Christi
1317 552 1478 619 membris
1488 551 1545 619 in-

318 663 427 732 seruit
445 664 708 732 feruentissime.

386 779 536 846 Domino
553 781 732 848 Leonardo
749 778 854 847 dicito
870 780 1054 867 negocium
1070 781 1199 848 domini
1214 781 1358 850 Henrici
1374 782 1387 814 ⁴
1408 783 1551 850 omnino

319 895 525 962 dissolutum
543 917 631 976 esse,
649 907 710 961 aut
725 895 976 981 quamprimum
993 896 1070 966 erit.
1092 895 1144 962 Illi
1164 897 1395 982 congaudete,
1418 918 1459 963 ac
1473 900 1551 964 Deo

320 1001 549 1096 omnipotenti
566 1009 728 1097 precibus
743 1009 866 1078 vestris
881 1031 948 1090 me,
972 1009 1041 1078 imo
1062 1033 1127 1078 nos
1146 1033 1276 1092 omneS,
1299 1011 1547 1080 commendate.

319 1125 480 1193 Salutant
497 1147 558 1192 vos
575 1144 695 1193 omncs
711 1125 845 1193 fratres:
864 1126 972 1192 satius
986 1127 1143 1194 scribunt
1159 1127 1203 1193 ad
1219 1147 1280 1194 vos
1297 1127 1404 1192 nostri
1421 1129 1463 1193 de
1478 1127 1551 1195 suis

319 1241 434 1307 rebus
460 1243 511 1308 Ex
533 1241 791 1309 loua'niensibus
812 1261 915 1327 spero
938 1240 1003 1308 alia
1030 1241 1241 1328 intelligetis
1270 1264 1359 1328 quae
1387 1244 1430 1308 ad
1457 1240 1549 1329 ipsos

319 1355 453 1442 scripsi.

386 1473 517 1540 Romae
537 1474 621 1556 1548
638 1482 664 1540 ⁸.

387 1587 512 1656 Vester
527 1586 659 1654 inutilis
675 1607 797 1655 seruus
815 1598 850 1656 et
866 1589 983 1668 frater,

728 1702 923 1771 Ausonius
946 1705 1070 1771 Vrucrr
1092 1705 1136 1772 de
1152 1705 1370 1771 Boutersum.
1463 1752 1468 1760 .

388 1847 584 1930 Inscriptio
615 1790 684 1915 Itis.
713 1844 950 1914 Charissimo
939 1867 977 1912 m
991 1845 1131 1912 Christo
1152 1845 1246 1912 fratri
1266 1849 1369 1912 Mtro.
1396 1845 1549 1911 Adriano

324 1960 470 2026 Adriani
487 1962 530 2026 ab
547 1960 757 2047 Antwerpia,
776 1960 957 2029 Coloniae.

389 2076 471 2141 Alio
488 2097 607 2142 titano.
631 2076 863 2144 Remittantur
882 2077 949 2143 hae
970 2066 1089 2143 literae
1109 2097 1187 2142 cum
1209 2075 1374 2142 chartulis
1394 2075 1438 2141 ad
1458 2075 1552 2142 colo-

325 2190 474 2259 menses,

389 2307 539 2372 Eraria.
562 2307 668 2373 Anno
696 2322 792 2395 1549,
815 2305 870 2376 die
897 2325 936 2375 10
957 2307 1026 2376 kal.
1050 2306 1212 2393 Aprilis⁸
1233 2307 1271 2375 S
1296 2309 1337 2375 Ρ.
1360 2305 1485 2468 Ignatii
1507 2307 1551 2373 ad

322 2422 470 2508 priorem
488 2421 651 2488 Carthus.
670 2421 792 2488 Colon.

373 2657 389 2713 ,ι
428 2643 496 2713 1548
509 2642 652 2699 additum
664 2648 708 2699 est
720 2643 788 2699 alia
801 2659 906 2699 manu.

323 2766 534 2779 ——n——m

375 2843 388 2876 ⁴
426 2840 490 2895 Non
505 2838 623 2897 videtur
634 2840 685 2897 hiu
695 2838 920 2897 confundendus
932 2856 1000 2895 curn
1013 2841 1143 2895 Henrico
1155 2840 1301 2911 Baccelio,
1318 2841 1368 2913 qui
1386 2858 1445 2897 non
1462 2841 1555 2897 multo

323 2939 390 3002 post
403 2948 420 2985 a
433 2928 583 2985 Societate
596 2928 717 2997 delecit3
731 2942 827 3001 neque
838 2928 863 2984 si
873 2928 911 2983 de
920 2928 971 2983 illo
981 2937 1129 2999 ageretur,
1140 2930 1168 2983 ei
1177 2930 1370 2985 convenirent
1380 2930 1554 3002 verbaqune

323 3026 497 3092 sequuntur:
513 3018 577 3073 «lili
589 3017 790 3088 congaudete»
804 3016 920 3072 scilicet
931 3018 970 3072 ob
983 3016 1062 3073 illius
1076 3018 1278 3088 «negotium...
1296 3020 1414 3073 omnino
1431 3016 1555 3073 dissolu-

325 3115 423 3165 tum...
442 3114 494 3161 aut
510 3122 598 3179 quam
616 3105 759 3178 primumn
776 3103 1010 3161 dissolvendum.
1029 3105 1165 3162 Fortasse
1183 3122 1280 3161 sermo
1293 3106 1332 3161 sit
1344 3106 1382 3161 de
1394 3105 1493 3179 aliquo
1505 3122 1555 3163 ne-

324 3196 408 3267 gotio
422 3195 545 3251 Henrici
559 3192 708 3268 Dionysii,
728 3194 861 3251 canonici
879 3194 1130 3265 noviomagensis,
1149 3204 1252 3267 postea
1268 3194 1299 3250 in
1317 3196 1496 3251 Societatem
1512 3194 1556 3251 in-

323 3286 432 3357 gressi,
446 3301 535 3358 quem
548 3285 632 3340 Btus.
646 3282 785 3339 Canisius
798 3282 956 3356 plurimum
968 3282 1122 3354 diligebat.
1137 3284 1404 3357 Brinnsncnnnn,
1416 3285 1472 3340 loc.
1485 3282 1556 3354 cit.,

326 3386 456 3444 251·252.

380 3460 392 3497 ⁸
428 3456 511 3517 Hae'c
534 3462 647 3517 notatio
669 3462 810 3535 temporis
832 3460 914 3517 nullo
936 3461 1022 3517 modo
1040 3460 1186 3532 affigenda
1208 3471 1255 3517 est
1273 3460 1340 3517 huic
1362 3460 1502 3534 epistolae
1520 3462 1557 3519 ad

327 3552 361 3607 P.
377 3550 549 3607 Adrianum.
564 3551 598 3605 ln
611 3568 646 3605 ea
659 3550 738 3606 enim
751 3559 878 3606 testatur
891 3549 1036 3606 Vinclrius
1048 3548 1155 3606 fratres
1168 3549 1278 3623 aliquot
1291 3551 1428 3607 «modo...
1442 3568 1460 3607 a
1471 3550 1558 3608 Colo·

327 3640 376 3698 nia
389 3638 531 3695 Romamn
544 3640 729 3713 pervenisse;
742 3640 773 3695 hi
786 3654 880 3711 porro,
904 3648 938 3693 nt
959 3656 997 3694 ex
1011 3640 1159 3712 Regalis,
1173 3638 1199 3702 Ι,
1212 3652 1277 3710 219,
1289 3648 1415 3713 constat,
1429 3650 1558 3697 exeunte

328 3730 426 3803 Aprili
438 3730 507 3799 1548
521 3730 550 3784 in
564 3728 677 3786 Urbem
691 3740 899 3801 pervenerunt.
915 3719 1002 3785 Unde
1014 3726 1048 3783 fir
1058 3739 1091 3784 ut
1100 3730 1172 3783 haee
1183 3728 1306 3801 epistola
1319 3738 1449 3784 exeunte
1464 3730 1557 3803 Aprili

326 3828 377 3875 aut
391 3820 513 3874 ineunte
527 3815 604 3889 Majo
617 3816 727 3889 scripta
739 3816 839 3873 fuerit.
853 3818 891 3873 Et
903 3815 1023 3890 quidem
1041 3816 1147 3888 Ignatii
1167 3818 1291 3889 epistola
1308 3815 1344 3872 ad
1358 3818 1485 3891 priorem
1497 3834 1557 3874 car·

326 3908 442 3965 thusiae
455 3906 641 3979 coloniensis,
658 3906 692 3961 28
705 3906 803 3963 Martii
823 3919 892 3977 1549
910 3906 990 3976 data,
1004 3904 1080 3961 infra
1092 3922 1147 3961 suo
1164 3908 1229 3962 loco
1246 3905 1375 3977 dabitur,
1393 3924 1482 3981 quarn
1493 3907 1558 3980 ipse

328 3996 487 4068 Adrianus,
501 3997 549 4053 cui
561 3998 634 4052 haec
647 3995 820 4051 inscribitur
841 3996 978 4068 epistola,
1001 4012 1039 4049 ex
1062 3996 1144 4051 Urbe
1162 3995 1224 4066 jam
1244 3996 1274 4051 in
1292 3996 1417 4068 patriam
1429 3995 1558 4068 rediens,

326 4086 495 4143 deferebat.
