3625 5375
1075 392 1081 413 2

414 448 467 505 208
796 446 1004 502 Monunemn
1022 446 1200 503 tenerum

379 626 440 672 ver
455 601 648 689 proximum
666 601 836 679 laborans,
855 598 958 666 nullis
975 599 1184 665 medicorum
1200 598 1335 665 auxiliis
1351 597 1500 684 potuerit
1517 598 1613 667 refici

379 720 434 787 vel
461 718 611 785 alleuari.
640 719 801 796 Demum,
828 736 906 781 cum
932 722 1044 782 aerem
1068 714 1217 801 patrium
1242 716 1409 799 cibosque
1431 726 1466 782 et
1490 727 1613 800 potum

379 845 583 902 consuetum
603 810 642 899 ¹ei
670 854 772 918 posse
799 830 956 899 conferre
984 830 1108 898 medici
1135 842 1308 916 putarent,
1338 829 1519 896 consilium
1548 831 1615 897 fuit

380 949 531 1016 omniurn
553 959 591 1014 vt
606 948 642 1013 in
658 930 801 1034 patriam
824 946 934 1032 primo
949 967 1088 1030 quoque
1109 958 1261 1031 tempore
1282 945 1487 1021 mitteretur:
1511 955 1546 1011 et
1560 946 1612 1012 sic

380 1075 595 1151 comparatus
611 1074 664 1129 est
680 1062 710 1131 ei
728 1084 839 1148 equus
854 1062 1022 1129 comodus
1037 1072 1073 1128 et
1092 1062 1269 1141 viaticum,
1288 1082 1327 1128 ac
1349 1061 1486 1146 quidam
1508 1082 1528 1127 e
1546 1062 1615 1127 fra-

381 1182 489 1247 tribus
505 1179 631 1246 nostris
648 1178 716 1265 (qui
738 1179 770 1246 ei
791 1177 975 1245 inseruiret
994 1178 1029 1243 in
1049 1177 1116 1261 via)
1138 1198 1253 1245 comes
1274 1177 1306 1245 ei
1326 1177 1524 1263 assignatus
1544 1190 1611 1257 est;

380 1310 414 1366 et
434 1297 483 1363 sic
506 1295 715 1363 Florentiam
736 1316 845 1379 vsque
868 1314 947 1360 cum
967 1295 1084 1370 labore
1103 1315 1244 1380 magno,
1268 1304 1302 1361 et
1322 1292 1401 1387 inde
1419 1292 1614 1359 Bononiam

380 1393 596 1499 perueniens,
616 1410 741 1476 ibidem
758 1408 848 1478 inter
866 1409 987 1477 fratres
1003 1430 1082 1476 cum
1099 1408 1153 1475 sui
1169 1408 1310 1495 spiritus
1325 1430 1450 1496 magna
1466 1408 1612 1475 sconso-

379 1528 508 1595 latione
523 1524 688 1606 substitit3
706 1536 741 1591 et
758 1544 887 1611 paucos
903 1536 980 1609 post
996 1524 1081 1603 dies,
1100 1546 1180 1590 cum
1196 1523 1319 1589 medici
1335 1525 1536 1603 humanam,
1550 1524 1614 1588 sed

381 1647 523 1724 frustra,
546 1639 783 1709 adhibuissent
810 1640 1031 1718 industriam,
1060 1639 1284 1707 sanctissimis
1307 1640 1472 1706 ecclesiae
1496 1659 1616 1705 sacra-

288 1764 290 1771 “
338 1744 341 1751 ’
382 1758 507 1829 mentis
521 1758 648 1823 deuote
668 1755 818 1841 acceptis
840 1755 1005 1835 munituS,
1028 1756 1071 1822 ad
1092 1754 1282 1822 Dominum
1295 1754 1469 1841 migrauit;
1488 1768 1523 1824 et
1544 1754 1611 1821 ibi-

381 1877 459 1943 dem
481 1895 559 1939 cum
581 1892 707 1957 magna
729 1870 921 1957 frequentia
944 1881 977 1938 et
999 1870 1176 1936 hominum
1198 1870 1401 1969 deuotione,
1425 1871 1483 1956 qui
1507 1870 1614 1939 etiam

381 1989 505 2057 mortni
530 2009 652 2054 manus
675 1988 803 2054 deuote
826 1987 1087 2067 osculabantur,
1110 1985 1229 2052 habita
1251 1985 1355 2052 etiam
1378 1987 1568 2070 aquodam
1592 2010 1615 2055 e

382 2105 543 2172 fratribus
567 2102 702 2169 funebri
723 2100 890 2181 oratione,
916 2102 1072 2187 sepultus
1095 2112 1159 2182 est3
1185 2113 1221 2166 et
1245 2113 1317 2167 tum
1344 2101 1509 2181 Bononie,
1536 2113 1615 2169 turn

382 2224 501 2299 Rome,
520 2230 593 2285 tum
609 2218 684 2284 aliis
699 2217 794 2298 locis,
813 2217 871 2283 vbi
893 2218 1047 2286 Societas
1068 2229 1134 2297 est,
1156 2216 1350 2283 orationum
1370 2228 1405 2284 et
1425 2217 1611 2284 sacrificio-

382 2358 456 2403 rum
470 2334 656 2402 missalium
668 2334 841 2421 sufragiis,
856 2355 919 2419 pro
932 2354 1027 2401 more
1038 2333 1232 2413 Societatis,
1248 2346 1300 2400 est
1311 2332 1462 2400 adiutus.
1477 2333 1612 2420 Digne·

380 2467 435 2519 tur
451 2451 620 2519 Dominus
635 2450 671 2516 in
688 2450 781 2537 pacis
797 2472 881 2517 suae
901 2470 942 2515 ac
962 2448 1049 2515 lucis
1069 2461 1230 2517 aeternae
1252 2448 1404 2535 regione,
1426 2470 1489 2534 pro
1512 2450 1612 2516 labo·

380 2568 470 2635 riosa
490 2578 524 2635 et
545 2577 776 2653 temporanea,
801 2564 935 2634 felicem
957 2586 997 2631 ac
1019 2552 1220 2650 perpetuam
1242 2564 1289 2629 illi
1310 2564 1416 2631 vitam
1432 2562 1467 2629 in
1483 2586 1520 2631 se
1535 2566 1617 2650 ipso

273 2699 285 2725 ²
379 2664 644 2753 communicare.

443 2802 531 2867 Nam
549 2821 681 2880 reuera,
700 2821 743 2866 ex
758 2819 827 2882 quo
843 2796 942 2885 nobis
958 2796 1024 2864 fuit
1040 2810 1144 2863 notus
1159 2795 1500 2885 dominus'Jacobus,
1519 2797 1615 2883 opti-

279 2902 285 2927 ⁸
380 2939 435 2982 ma
464 2914 589 2984 mentis
617 2913 724 2980 fuisse
750 2935 885 3000 semper
907 2912 1122 2992 habitudine,
1152 2913 1214 2979 sed
1241 2932 1416 3008 nunquam
1445 2911 1614 2998 corporiS,

379 3029 555 3112 visus·est;
574 3039 609 3098 et
624 3007 665 3096 ea
681 3031 724 3098 de
740 3049 856 3108 causa,
876 3028 991 3095 necin
1012 3027 1250 3113 hospitalibus,
1269 3048 1333 3096 nec
1353 3027 1388 3093 in
1410 3027 1613 3114 peregrina-

381 3147 543 3225 tionibus,
563 3165 626 3212 nec
643 3144 677 3210 in
695 3143 769 3210 aliis
784 3142 1057 3230 probationibus,
1083 3163 1171 3227 quae
1191 3141 1319 3227 aliquid
1337 3143 1528 3228 asperitatis
1547 3145 1614 3210 ha·

382 3264 476 3342 bent,
501 3261 733 3329 exercendum
757 3257 891 3346 putauit
916 3277 995 3324 eum
1020 3267 1136 3324 noster
1159 3257 1194 3323 in
1218 3257 1283 3324 X.⁰
1307 3260 1348 3326 P.
1365 3258 1520 3346 Ignatius
1535 3270 1551 3308 ὅ
1565 3259 1618 3345 (in

380 3377 506 3464 quibus
527 3387 654 3455 tamen,
681 3374 792 3460 quise
815 3385 1043 3441 exercuerunt
1063 3394 1106 3438 ex
1127 3373 1348 3452 vestratibus,
1371 3376 1461 3441 bene
1480 3375 1615 3442 habuc*

380 3503 462 3559 runt
483 3491 639 3578 semper).
659 3491 835 3558 Laudetur
851 3488 886 3554 in
903 3488 974 3555 vita
993 3501 1028 3556 et
1048 3486 1063 3528 ¹¹
1084 3500 1194 3556 morte
1214 3488 1367 3554 omniurn
1391 3501 1548 3556 nostrum
1569 3489 1615 3571 is,

380 3608 436 3674 cui
453 3609 569 3674 viuere
585 3619 620 3676 et
637 3605 721 3674 mori
738 3605 907 3692 cupimus.
927 3607 1041 3674 Amen
1058 3606 1084 3670 ³.

447 3723 550 3809 Quod
572 3723 615 3788 ad
641 3723 778 3788 fratrem
800 3720 875 3788 eius
899 3719 1034 3801 attinet,
1060 3722 1129 3786 huc
1149 3721 1307 3807 peruenit
1327 3742 1405 3786 cum
1422 3720 1518 3786 socio
1534 3733 1615 3806 post

379 3839 454 3908 eius
470 3850 628 3920 mortem,
647 3849 694 3918 et,
712 3835 805 3902 domi
821 3846 987 3922 exceptus
1002 3845 1037 3902 et
1053 3837 1097 3901 ad
1108 3835 1298 3921 spiritualia
1309 3835 1471 3904 exercitia
1487 3834 1617 3902 admis-

378 3976 449 4035 sus,
468 3975 546 4022 cum
563 3953 677 4021 animo
693 3951 794 4018 nimis
810 3951 845 4018 in
861 3951 1007 4037 patriam
1023 3961 1057 4019 et
1073 3972 1157 4017 suos
1171 3972 1364 4038 propensus
1378 3952 1562 4032 videretur,
1575 3963 1613 4020 et

379 4072 422 4137 ad
439 4069 643 4139 electionem
659 4080 771 4134 status
787 4065 1164 4152 nec‘satis'dispositus
1180 4077 1271 4135 esset
1290 4088 1356 4137 nec
1376 4067 1487 4135 libens
1511 4087 1613 4135 acce·

379 4188 487 4268 deret,
513 4185 624 4252 visum
649 4195 702 4252 est
725 4203 795 4249 non
816 4181 978 4268 expedire
998 4181 1034 4247 in
1055 4179 1226 4250 exercitiis
1247 4181 1420 4270 progredi,
1441 4193 1478 4249 et
1497 4182 1547 4250 sic
1568 4183 1614 4249 ad

378 4301 522 4388 patriam
539 4312 616 4386 post
633 4318 676 4367 20
692 4297 829 4367 circiter
844 4297 919 4365 dies
933 4299 977 4364 ab
993 4317 1136 4366 accessu
1151 4296 1313 4364 dimissus
1328 4311 1393 4366 est.

431 4455 442 4496 s
477 4467 662 4522 magnacum
680 4449 726 4504 sui
744 4449 866 4522 spiritus
884 4448 975 4506 alter.
1015 4461 1065 4500 -u
1085 4463 1152 4503 eum
1175 4447 1264 4503 Pater
1285 4447 1315 4503 in
1337 4447 1456 4504 Christo
1477 4447 1618 4504 dominus

377 4542 509 4613 lgnatlus
523 4541 613 4598 alter.
651 4541 702 4583 -h
720 4547 750 4594 et
763 4538 794 4594 iu
807 4539 897 4594 alter.

430 4679 441 4710 ³
478 4677 662 4746 Potaucrm,
678 4673 805 4740 claron,
819 4674 842 4742 l,
858 4671 921 4741 284.
