3625 5375
376 504 412 563 54
755 492 963 551 Montanum
983 491 1159 547 lassamus

409 646 463 713 De
479 646 587 714 Roma
604 662 646 729 27
659 646 703 715 de
716 647 833 730 Marco
851 644 947 729 1548.

410 763 463 830 De
480 762 525 832 V.
544 764 586 829 R.
604 762 719 831 sieruo
736 785 779 830 en
791 764 875 850 Jesu
892 760 957 827 X.⁰
974 762 1012 830 S.
1032 760 1076 826 N.

949 878 1082 964 †J0tu
1099 894 1148 942 na
1165 877 1350 963 Ponnuco.
1370 874 1392 959 †

407 994 538 1059 Eadem
556 1015 664 1059 mauu
681 1016 703 1059 o
719 998 828 1080 tergo.
854 993 961 1059 Carta
976 992 1020 1057 de
1036 994 1087 1057 los
1102 990 1147 1057 de
1163 986 1291 1057 Sicilia.

414 1109 558 1175 Titulus.
586 1110 748 1195 Capitulo
762 1108 807 1176 de
826 1130 895 1173 vna
916 1108 1003 1175 letra
1024 1104 1172 1193 ynbiada
1194 1105 1238 1173 de
1267 1104 1374 1171 Roma
1402 1107 1502 1175 sobre
1521 1106 1575 1171 los

342 1247 411 1311 que
426 1246 465 1294 se
480 1224 653 1311 partieron
670 1230 690 1290 a
706 1222 833 1293 Sicilia.

918 1432 995 1513 295

527 1574 667 1642 partu
692 1572 919 1641 Aunesis
943 1572 1125 1642 0v1soo
1149 1574 1211 1641 Ex
1235 1574 1387 1642 Coun.

761 1744 850 1789 noua
870 1744 905 1801 27
923 1744 1035 1788 unam
1055 1733 1123 1803 1548
1137 1733 1157 1787 ¹.

348 1875 396 1933 De
415 1876 682 1951 exercitationibus
706 1874 953 1930 scholasticorum
978 1876 1208 1951 gandicnsium,
1230 1881 1295 1933 tum
1322 1876 1487 1931 litterariis
1509 1880 1572 1929 tum

393 1965 597 2037 spiritalibus,
617 1970 790 2034 responsum
804 1965 846 2018 ad
857 1965 947 2018 aliud
960 1970 1076 2036 tempus
1088 1964 1368 2037 differt—luteam
1382 1981 1452 2020 uero
1470 1962 1573 2018 miultis

307 2056 313 2081 ¹
391 2054 596 2128 gravibusque
618 2052 787 2108 rationibus
809 2052 1021 2117 obedientiam,
1041 2054 1135 2109 ueisrti
1158 2052 1314 2110 Societatis
1326 2054 1402 2125 Jusu
1420 2058 1572 2120 tesseram,

395 2147 580 2217 magnopere
595 2143 796 2197 commendat.

921 2284 998 2407 uis

411 2497 623 2565 Charlssimo
641 2498 751 2566 Padre
767 2502 836 2564 mio
854 2520 897 2565 en
909 2500 993 2586 Jesu
1011 2498 1077 2565 X.⁰

417 2632 448 2681 1.
496 2614 632 2699 Parque
647 2634 710 2700 por
724 2624 816 2679 otras
832 2634 870 2679 se
886 2614 931 2679 ha
946 2614 1152 2701 respondido
1168 2621 1188 2681 ts
1205 2616 1237 2681 lo
1254 2636 1381 2701 queen
1398 2616 1448 2682 las
1463 2624 1576 2681 cartas

344 2731 388 2799 de
404 2733 448 2798 V.
467 2733 508 2797 R.
528 2728 606 2816 pide
623 2718 810 2816 respuesta,
828 2743 901 2796 esta
917 2735 993 2796 sera
1009 2730 1309 2816 particularmente
1326 2753 1407 2818 para
1422 2732 1514 2798 dezir
1529 2733 1573 2798 de

342 2849 488 2934 algunas
503 2867 602 2913 cosas
623 2845 667 2913 de
688 2867 755 2930 que
775 2867 829 2912 me
850 2847 895 2912 ha
922 2846 1011 2912 dado
1039 2845 1165 2933 special
1192 2847 1409 2914 commissibn
1432 2855 1576 2913 nuestro

345 2964 467 3042 Padre,
498 2961 752 3030 ordenandome
779 2983 819 3028 su
841 2960 1041 3047 paternidad
1062 2963 1113 3028 los
1134 2962 1338 3049 principales
1359 2973 1483 3047 puntos
1507 2983 1572 3046 que

343 3078 445 3147 debia
460 3077 593 3157 scriuir3
611 3099 634 3163 y
650 3081 699 3142 asi
721 3081 852 3142 tomara
872 3078 916 3143 V.
941 3079 998 3157 R..
1023 3099 1068 3144 no
1089 3099 1189 3144 como
1211 3079 1255 3146 de
1276 3083 1333 3158 ml,
1352 3079 1385 3144 lo
1406 3099 1473 3162 que
1494 3081 1574 3161 aqut

346 3216 402 3274 va,
421 3191 497 3260 sino
513 3192 671 3259 comode
687 3213 728 3258 su
745 3191 959 3277 paternidad.

412 3327 445 3378 2.
493 3307 634 3392 Quanto
650 3313 670 3372 a
686 3307 737 3374 los
758 3305 951 3393 spirituales
973 3307 1154 3376 exercitius
1174 3331 1196 3394 y
1216 3310 1348 3376 studius
1369 3311 1411 3376 de
1432 3309 1483 3375 los
1498 3318 1574 3374 stu·

345 3467 544 3479 .....—---

398 3555 405 3588 ¹
444 3557 489 3611 Ex
506 3554 609 3610 codice
628 3553 748 3610 Deerat.
766 3559 794 3610 et
813 3555 914 3620 iactr„
934 3553 966 3610 ff.
990 3554 1153 3626 239v·243r;
1169 3559 1335 3628 exemplum
1353 3573 1369 3611 a
1389 3555 1422 3612 Ρ.
1446 3555 1576 3612 Polanco

343 3644 521 3716 castigatum
533 3652 564 3699 et
577 3642 752 3716 quibusdam
766 3642 965 3699 additionibus
978 3645 1200 3716 locupletatum.
1215 3645 1248 3700 In
1262 3646 1316 3700 hac
1326 3645 1450 3716 epistola
1460 3643 1573 3700 edenda

344 3751 451 3790 novam
465 3734 544 3788 viam
557 3733 675 3805 sequuti
688 3732 792 3800 simus;
806 3749 870 3787 eam
889 3733 1003 3789 scilicet
1021 3735 1051 3788 in
1066 3735 1272 3807 paragraphus,
1288 3734 1417 3790 numeris
1431 3735 1573 3801 signatos,

343 3823 544 3890 distinximus,
567 3831 601 3876 ut
621 3819 754 3891 facilius,
775 3839 842 3876 cum
864 3821 1059 3878 celeberrima
1077 3822 1202 3894 epistola
1219 3821 1257 3877 de
1276 3821 1454 3878 obedientia.
1473 3822 1521 3878 die
1538 3822 1576 3877 26

343 3913 440 3969 Martii
456 3911 524 3981 1553
536 3911 614 3979 data,
629 3910 790 3982 comparari
803 3919 903 3985 queat3
918 3909 995 3966 unde
1010 3929 1062 3982 per
1075 3929 1107 3966 se
1120 3912 1246 3984 quisque
1255 3911 1341 3966 facile
1352 3911 1452 3966 videre
1466 3911 1573 3983 poterit

342 4002 502 4076 maximam
512 4001 591 4055 iilius
604 3997 747 4071 epistolae
763 4006 873 4068 partem
884 3997 945 4070 jam
959 4015 1036 4054 anno
1052 3999 1120 4069 1548
1133 4000 1272 4073 scriptam
1286 3999 1387 4055 fuisse:
1402 4001 1573 4070 saepissime

342 4091 434 4161 enim,
447 4107 507 4145 nan
520 4088 606 4143 modo
618 4087 793 4160 paragraphi
807 4087 916 4157 integri
930 4087 1007 4144 inter
1020 4106 1052 4143 se
1062 4087 1159 4160 quoad
1169 4105 1300 4156 sensum,
1314 4087 1367 4144 sed
1376 4088 1473 4161 quoad
1483 4091 1574 4148 verba
1644 4111 1648 4122 ·

341 4181 417 4255 ipsa,
427 4177 605 4233 adamussim
620 4174 810 4248 respondent.
822 4176 904 4231 Finis
915 4177 1059 4248 epistolae
1072 4176 1265 4250 desideratur,
1278 4194 1365 4252 quem
1376 4194 1413 4233 ex
1426 4175 1498 4237 Cod.
1513 4177 1572 4232 Pa-

344 4271 398 4325 ris.
414 4264 624 4323 mutuavimus.

394 4358 429 4412 ln
444 4357 516 4411 Cod.
532 4355 651 4421 Paris,
663 4371 693 4409 η.
707 4366 753 4422 47,
768 4353 819 4409 iol.
834 4353 880 4424 69,
894 4362 1014 4409 exstant
1026 4355 1138 4429 aliquot
1156 4353 1242 4427 hujus
1259 4355 1402 4428 epistolae
1419 4355 1527 4428 capita,
1542 4363 1572 4410 et

339 4447 418 4502 inter
430 4461 466 4500 aa
477 4443 545 4499 linis
557 4441 712 4515 epistolae,
731 4443 779 4497 vel
798 4443 905 4498 saltem
923 4441 990 4497 linis
1008 4443 1193 4514 paragraphi.
1211 4443 1261 4516 qui
1280 4444 1311 4500 iu
1328 4445 1420 4500 altero
1436 4445 1575 4515 exemplo

338 4533 533 4592 desideratur.
548 4533 631 4586 Haec
644 4529 810 4602 fragmenta
827 4533 1023 4586 servabantur
1036 4529 1066 4587 in
1080 4532 1206 4604 collegio
1220 4533 1370 4588 valentino
1388 4531 1419 4586 S.
1439 4533 1480 4604 J.,
1495 4531 1571 4588 unde

339 4623 509 4696 exemplum
530 4619 653 4676 missum
672 4617 729 4674 tuit
751 4618 879 4676 Parisios
901 4619 951 4675 die
974 4621 1008 4675 28
1031 4620 1183 4677 Februarii
1208 4619 1498 4691 1708.-Cartas,n.
1521 4621 1573 4678 CL

339 4714 527 4784 (fragmenta,
540 4726 616 4783 quae
629 4709 775 4764 habentur
789 4709 819 4764 in
835 4708 906 4764 Cod.
923 4710 1043 4780 Paris.)
