3625 5375
584 474 689 531 Eersr.
711 472 862 530 roh-28
880 476 1033 547 Jnnnnnn
1055 486 1124 544 155⁰

673 696 842 740 SECUNDUM
857 698 1033 741 EXEMPLUM

298 842 397 905 Ulmo,
416 852 448 901 et
461 844 549 901 Rmo.
565 850 672 901 nostro
687 842 801 919 signor.

297 950 355 1007 Per
368 950 481 1007 esserci
494 950 571 1007 tolto
586 949 667 1007 della
681 956 824 1023 presente
838 948 913 1006 rita
931 949 951 1006 il
970 957 1075 1019 nostro
1085 957 1289 1023 procuratore
1309 950 1350 1009 M.
1366 950 1468 1008 Pietro

238 1056 377 1115 Codacio
393 1057 444 1114 bo,
459 1074 529 1127 me,
544 1063 575 1114 et
589 1058 681 1115 esser'
693 1056 723 1113 io
738 1073 793 1130 per
807 1055 984 1113 obedientia
997 1072 1101 1113 messo
1115 1056 1146 1113 in
1157 1056 1272 1133 luogho
1287 1075 1354 1127 su0,
1369 1074 1426 1132 per
1439 1057 1469 1114 la

236 1162 429 1239 Compagnia
448 1164 487 1221 de
504 1160 586 1237 jesb,
601 1164 641 1221 mi
657 1164 673 1220 ὲ
698 1180 789 1237 parso
803 1162 930 1221 douessi
944 1163 1096 1233 avisare,a
1120 1162 1158 1220 V.
1174 1162 1205 1222 S.
1226 1164 1323 1235 Rme.,
1339 1180 1428 1221 come
1450 1182 1468 1221 a

237 1270 337 1329 Padre
352 1278 383 1327 et
397 1246 489 1328 senor
503 1278 608 1329 nostro
623 1272 653 1328 in
670 1270 743 1344 Jesir
762 1269 817 1327 X.⁰
837 1278 868 1327 et
887 1268 1085 1327 benefactore
1109 1271 1267 1341 continno,
1281 1272 1339 1329 che
1358 1280 1468 1344 questa

235 1394 317 1449 casa,
332 1380 389 1435 che
404 1386 481 1435 tutta
495 1358 516 1434 b
528 1378 568 1434 de
582 1378 693 1435 oratori
706 1384 737 1434 et
756 1376 836 1434 serui
851 1376 882 1434 in
901 1394 972 1433 esso
989 1376 1062 1450 Jesb
1081 1375 1136 1434 X.⁰
1155 1377 1196 1433 de
1220 1377 1258 1435 V.
1277 1376 1307 1435 S.
1328 1378 1427 1448 Rme.,
1442 1379 1467 1436 si

236 1502 292 1559 per
306 1486 408 1543 anerei
423 1485 537 1542 lassato
552 1484 646 1542 debiti
661 1484 690 1541 la
705 1483 756 1541 bo.
771 1500 829 1542 me.
845 1482 885 1541 de
900 1484 941 1540 M.
956 1484 1068 1555 Pietro,
1084 1485 1108 1542 si
1123 1502 1178 1558 per
1192 1492 1272 1541 stare
1287 1492 1373 1541 tanto
1387 1492 1466 1543 tem-

235 1610 277 1665 po
293 1593 323 1649 in
338 1592 478 1651 conclaui
494 1592 531 1650 V.
548 1592 578 1652 S.
599 1592 684 1649 Rma.
701 1593 808 1663 ²‚che
828 1590 976 1649 solenano
1001 1592 1180 1668 aggiutarei,
1195 1593 1220 1649 si
1239 1592 1352 1666 perche
1368 1593 1464 1649 siamo

234 1700 286 1773 pin
311 1699 351 1755 de
368 1712 417 1770 150
441 1716 583 1773 persone,
598 1716 689 1755 sanza
710 1699 819 1755 intrata
839 1698 959 1770 alcuna,
980 1700 1020 1755 nc
1044 1706 1134 1773 poter
1153 1706 1275 1757 accetar
1294 1699 1432 1757 secondo
1448 1700 1466 1756 1’

234 1808 373 1864 instituto
388 1813 494 1863 nostro
510 1806 696 1863 eleemosina
717 1804 826 1863 alcuna
845 1822 900 1879 per
919 1822 1020 1863 messe
1040 1823 1059 1862 o
1078 1822 1152 1863 cose
1175 1805 1331 1879 spirituali,
1350 1806 1466 1880 patisce

235 1913 331 1971 molto
347 1912 491 1989 bisogno,
506 1930 569 1969 non
588 1912 741 1970 bastando
761 1912 780 1969 il
802 1914 977 1985 mendicare
1002 1913 1087 1971 molti
1112 1913 1263 1971 sacerdoti
1285 1921 1316 1970 et
1335 1914 1401 1971 altri
1425 1914 1466 1971 de

236 2036 308 2079 casa
323 2028 427 2078 nostra
442 2038 497 2094 per
510 2020 538 2077 le
563 2030 651 2095 porte
672 2020 704 2098 (il
724 2022 782 2078 che
807 2038 869 2077 non
895 2021 1001 2078 soleua
1026 2022 1139 2079 esserci
1163 2019 1350 2098 necessario)
1364 2039 1420 2095 per
1438 2021 1466 2080 ia

236 2130 364 2203 pouerta
379 2131 436 2185 che
452 2130 477 2186 si
492 2136 578 2186 sente
594 2128 851 2187 vniuersalmente
865 2129 895 2185 in
912 2128 1018 2186 Roma.

292 2234 438 2309 Supplico
454 2235 600 2307 adunque
615 2234 681 2293 aV.
697 2234 726 2291 S.
743 2236 829 2315 Rma.
844 2252 900 2309 per
918 2243 1003 2308 parte
1019 2234 1050 2292 di
1069 2237 1170 2307 questi
1185 2237 1266 2293 serui
1281 2235 1321 2292 de
1336 2234 1390 2292 X.⁰
1405 2252 1462 2292 no-

232 2348 296 2398 stro
317 2342 430 2418 signor,
450 2342 529 2399 etin
550 2360 620 2399 esso
641 2341 672 2399 di
692 2342 728 2400 V.
754 2342 784 2399 S.
808 2342 904 2413 Rme.,
924 2343 949 2399 si
964 2342 1058 2417 degni
1074 2359 1133 2399 con
1153 2342 1171 2397 l‘
1193 2360 1287 2417 opera
1309 2351 1339 2400 et
1358 2342 1464 2400 fauore

231 2466 289 2506 suo
305 2448 479 2506 subuenirci
494 2449 652 2506 conforme
666 2448 723 2505 alla
738 2449 852 2506 charita
867 2456 898 2505 et
917 2448 1063 2506 liberalite
1077 2449 1135 2506 che
1155 2448 1322 2507 habbiamo
1343 2466 1465 2523 sempre

232 2556 313 2611 visto
328 2557 358 2611 in
374 2554 410 2614 V.
427 2556 456 2613 S.
472 2556 558 2613 Rma.
578 2572 670 2613 verso
696 2556 735 2611 de
754 2556 805 2625 mi,
825 2556 895 2629 qual
914 2556 946 2627 Ὀ,
962 2572 1051 2613 come
1065 2557 1162 2612 siamo
1187 2555 1312 2631 obligati
1334 2574 1465 2630 sempre,

231 2680 412 2740 pregaremo
427 2664 455 2721 ia
470 2663 574 2722 diuina
589 2662 683 2721 bonta
698 2680 753 2737 per
766 2662 803 2721 V.
820 2646 849 2721 S.
866 2664 953 2722 Rma.
969 2665 1036 2722 acib
1055 2663 1083 2721 la
1098 2664 1240 2721 conserui
1261 2673 1291 2721 et
1306 2665 1463 2723 accresehi

147 2811 150 2816 -
231 2771 300 2826 nelli
316 2771 383 2827 suoi
398 2771 472 2828 doni
487 2779 518 2827 et
532 2772 627 2846 gratie
642 2771 813 2828 santissime
829 2773 1087 2828 continuamente.

293 2877 340 2934 De
356 2895 427 2935 casa
442 2885 545 2936 nostra
560 2877 640 2935 della
654 2875 845 2954 Compagnia
861 2879 892 2936 di
904 2879 987 2952 jesb,
1002 2893 1042 2949 29
1055 2878 1095 2935 de
1110 2878 1232 2936 Genaro
1252 2889 1336 2950 1550.

285 3087 299 3115 ²
337 3071 399 3138 Sic;
411 3073 462 3126 sed
475 3072 636 3144 legendum
650 3075 703 3136 est,
718 3077 752 3127 ui
766 3074 797 3127 in
813 3073 885 3128 aliis
897 3035 1053 3146 exemplis:
1066 3074 1132 3128 VV.
1144 3072 1199 3129 SS.
1213 3075 1299 3129 Rme.
1337 3075 1388 3116 -b
1403 3073 1464 3138 Sic,

228 3162 391 3234 legendum
405 3165 508 3215 tomen
520 3165 574 3216 est:
591 3178 675 3216 verso
687 3161 718 3217 di
731 3161 788 3229 noi,
804 3163 893 3236 quali.

241 3285 438 3293 ——n—

229 3351 279 3419 rit3
294 3360 324 3406 et
337 3350 369 3405 in
382 3350 508 3422 epistola
523 3363 603 3420 1047,
618 3368 686 3405 mox
703 3351 882 3421 exhibenda,
900 3352 918 3405 6
939 3351 1093 3407 Februarii
1115 3351 1194 3423 data,
1213 3352 1350 3421 legimus:
1370 3351 1460 3406 «Esta

228 3456 347 3494 semana
361 3437 519 3510 passada...
534 3439 643 3493 scrinio
656 3448 777 3493 nuestro
791 3455 888 3494 nueuo
899 3439 1076 3510 procurador
1086 3441 1173 3495 Mtro.
1186 3438 1292 3494 Pontio
1302 3440 1329 3494 al
1343 3440 1426 3495 iimo.
1438 3457 1458 3510 y

227 3531 312 3589 Rmo.
332 3528 467 3584 cardenal
485 3528 523 3583 de
546 3512 660 3582 Trana'»
683 3536 754 3597 etc.,
772 3545 847 3600 quae
866 3527 985 3583 ornni'no
1007 3529 1076 3584 huie
1098 3529 1242 3600 epistolae
1264 3528 1458 3584 conveniunt.

228 3620 320 3690 igitur
334 3637 398 3673 earn
414 3617 464 3674 tali
488 3618 551 3672 viro
572 3618 691 3672 missam
710 3616 925 3674 existimamus.
945 3619 1016 3673 Erat
1028 3627 1128 3672 autem
1145 3616 1302 3672 cardinalis
1315 3616 1462 3672 tranensis

228 3710 358 3778 Joannes
377 3706 550 3762 Dominieus
570 3705 607 3761 de
621 3705 724 3778 Cupis,
738 3706 787 3762 ille
809 3724 928 3779 nempe,
942 3707 1005 3780 qui,
1021 3725 1090 3762 cum
1108 3708 1183 3762 maie
1202 3705 1239 3761 de
1257 3706 1375 3776 Ignatio
1393 3714 1463 3760 ante

226 3797 428 3852 confirmatam
447 3795 627 3850 Societatem
646 3795 716 3851 olim
738 3797 874 3864 sentiret,
893 3797 987 3868 primo
1006 3796 1070 3866 ejus
1092 3813 1228 3852 sermone
1248 3806 1279 3851 et
1297 3806 1480 3866 congressu*

227 3887 270 3942 sic
283 3887 423 3943 delinitus
437 3896 468 3940 et
482 3894 612 3940 mutatus
622 3895 679 3956 est,
692 3893 724 3940 ut
736 3885 773 3940 ad
787 3885 881 3941 sancti
895 3885 986 3958 pedes
997 3887 1171 3958 provolutus
1182 3885 1300 3940 veniam
1313 3893 1461 3958 posceret,

226 3989 258 4032 et
270 3987 381 4033 certam
395 3978 478 4049 panis
492 3976 611 4048 vinique
625 3978 857 4047 eleemosynam,
871 3976 1011 4050 quamdiu
1025 3977 1111 4048 vixit,
1130 3975 1239 4048 Ignatii
1258 3975 1387 4030 familiae
1404 3976 1464 4030 sin·

225 4067 305 4138 gulis
327 4066 519 4122 hebdomadis
542 4066 717 4138 assignaret.
742 4065 968 4138 Onrrnnmos,
991 4067 1107 4140 11,493
1130 4067 1365 4135 Rranonnnmn,
1392 4065 1462 4118 Vita

227 4157 346 4228 Ignatii
362 4156 493 4220 Loiolne,
508 4154 559 4210 lib.
575 4155 612 4224 V,
626 4173 691 4227 cap.
705 4157 733 4215 6.
