<?xml version="1.0" encoding="UTF-8"?>
<!DOCTYPE html PUBLIC "-//W3C//DTD XHTML 1.0 Transitional//EN"
    "http://www.w3.org/TR/xhtml1/DTD/xhtml1-transitional.dtd">
<html xmlns="http://www.w3.org/1999/xhtml" xml:lang="en" lang="en">
 <head>
  <title>
</title>
<meta http-equiv="Content-Type" content="text/html;charset=utf-8" />
  <meta name='ocr-system' content='tesseract 3.04.00' />
  <meta name='ocr-capabilities' content='ocr_page ocr_carea ocr_par ocr_line ocrx_word'/>
</head>
<body>
  <div class='ocr_page' id='page_1' title='image "./monumentaignati05ignagoog/monumentaignati05ignagoog_0011.png"; bbox 0 0 3625 5375; ppageno 0'>
   <div class='ocr_carea' id='block_1_1' title="bbox 613 1163 1068 1247">
    <p class='ocr_par' dir='ltr' id='par_1_1' title="bbox 613 1163 1068 1247">
     <span class='ocr_line' id='line_1_1' title="bbox 613 1163 1068 1247; baseline 0.004 -3"><span class='ocrx_word' id='word_1_1' title='bbox 613 1164 700 1246; x_wconf 92' lang='grc' dir='ltr'><strong>ΑΙ)</strong></span> <span class='ocrx_word' id='word_1_2' title='bbox 736 1163 1068 1247; x_wconf 85' lang='lat' dir='ltr'>LECTOREM</span> 
     </span>
    </p>
   </div>
   <div class='ocr_carea' id='block_1_2' title="bbox 132 1602 1481 3078">
    <p class='ocr_par' dir='ltr' id='par_1_2' title="bbox 132 1602 1481 3078">
     <span class='ocr_line' id='line_1_2' title="bbox 294 1602 1456 1689; baseline -0.002 -20"><span class='ocrx_word' id='word_1_3' title='bbox 294 1602 467 1685; x_wconf 88' lang='lat' dir='ltr'><strong>Alterum,</strong></span> <span class='ocrx_word' id='word_1_4' title='bbox 484 1602 578 1687; x_wconf 91' lang='lat' dir='ltr'><strong>quod</strong></span> <span class='ocrx_word' id='word_1_5' title='bbox 593 1622 686 1669; x_wconf 89' lang='lat' dir='ltr'><strong>nunc</strong></span> <span class='ocrx_word' id='word_1_6' title='bbox 701 1602 738 1669; x_wconf 86' lang='lat' dir='ltr'><strong>in</strong></span> <span class='ocrx_word' id='word_1_7' title='bbox 752 1602 865 1670; x_wconf 90' lang='lat' dir='ltr'><strong>lucem</strong></span> <span class='ocrx_word' id='word_1_8' title='bbox 883 1603 1007 1689; x_wconf 90' lang='lat' dir='ltr'>prodit,</span> <span class='ocrx_word' id='word_1_9' title='bbox 1032 1604 1193 1670; x_wconf 90' lang='lat' dir='ltr'><strong>volumen</strong></span> <span class='ocrx_word' id='word_1_10' title='bbox 1220 1604 1456 1689; x_wconf 81' lang='lat' dir='ltr'><strong>Epistolarum</strong></span> 
     </span>
     <span class='ocr_line' id='line_1_3' title="bbox 198 1717 1456 1805; baseline 0.002 -23"><span class='ocrx_word' id='word_1_11' title='bbox 198 1748 209 1763; x_wconf 51' lang='lat' dir='ltr'><em>v</em></span> <span class='ocrx_word' id='word_1_12' title='bbox 223 1719 339 1782; x_wconf 84' lang='lat' dir='ltr'><strong>sancti</strong></span> <span class='ocrx_word' id='word_1_13' title='bbox 354 1718 489 1805; x_wconf 82' lang='lat' dir='ltr'><strong>Ignatii</strong></span> <span class='ocrx_word' id='word_1_14' title='bbox 503 1717 652 1785; x_wconf 86' lang='lat' dir='ltr'><strong>maxima</strong></span> <span class='ocrx_word' id='word_1_15' title='bbox 668 1740 711 1787; x_wconf 84' lang='lat' dir='ltr'><strong>ex</strong></span> <span class='ocrx_word' id='word_1_16' title='bbox 728 1730 823 1805; x_wconf 86' lang='lat' dir='ltr'><strong>parte</strong></span> <span class='ocrx_word' id='word_1_17' title='bbox 840 1740 909 1785; x_wconf 90' lang='lat' dir='ltr'><strong>non</strong></span> <span class='ocrx_word' id='word_1_18' title='bbox 923 1718 1068 1805; x_wconf 86' lang='lat' dir='ltr'><strong>integris</strong></span> <span class='ocrx_word' id='word_1_19' title='bbox 1080 1718 1244 1805; x_wconf 89' lang='lat' dir='ltr'><strong>epistolis,</strong></span> <span class='ocrx_word' id='word_1_20' title='bbox 1262 1719 1323 1786; x_wconf 91' lang='lat' dir='ltr'><strong>sed</strong></span> <span class='ocrx_word' id='word_1_21' title='bbox 1340 1740 1456 1787; x_wconf 87' lang='lat' dir='ltr'><strong>earum</strong></span> 
     </span>
     <span class='ocr_line' id='line_1_4' title="bbox 223 1830 1454 1919; baseline 0.002 -20"><span class='ocrx_word' id='word_1_22' title='bbox 223 1830 421 1899; x_wconf 90' lang='lat' dir='ltr'><strong>summariis</strong></span> <span class='ocrx_word' id='word_1_23' title='bbox 447 1830 520 1899; x_wconf 88' lang='lat' dir='ltr'><strong>sive</strong></span> <span class='ocrx_word' id='word_1_24' title='bbox 547 1832 763 1919; x_wconf 86' lang='lat' dir='ltr'>compendiis</span> <span class='ocrx_word' id='word_1_25' title='bbox 782 1844 931 1915; x_wconf 88' lang='lat' dir='ltr'><strong>constat;</strong></span> <span class='ocrx_word' id='word_1_26' title='bbox 957 1854 1057 1919; x_wconf 88' lang='lat' dir='ltr'><strong>quae,</strong></span> <span class='ocrx_word' id='word_1_27' title='bbox 1087 1845 1125 1900; x_wconf 92' lang='lat' dir='ltr'><strong>ut</strong></span> <span class='ocrx_word' id='word_1_28' title='bbox 1148 1833 1228 1901; x_wconf 92' lang='lat' dir='ltr'><strong>alibi</strong></span> <span class='ocrx_word' id='word_1_29' title='bbox 1247 1834 1454 1913; x_wconf 91' lang='lat' dir='ltr'><strong>monuimus,</strong></span> 
     </span>
     <span class='ocr_line' id='line_1_5' title="bbox 132 1948 1455 2037; baseline 0.004 -28"><span class='ocrx_word' id='word_1_30' title='bbox 132 1998 139 2009; x_wconf 92' lang='lat'><strong>.</strong></span> <span class='ocrx_word' id='word_1_31' title='bbox 223 1949 259 2015; x_wconf 85' lang='lat' dir='ltr'><strong>in</strong></span> <span class='ocrx_word' id='word_1_32' title='bbox 289 1948 400 2035; x_wconf 91' lang='lat' dir='ltr'><strong>primo</strong></span> <span class='ocrx_word' id='word_1_33' title='bbox 419 1948 597 2018; x_wconf 89' lang='lat' dir='ltr'><strong>volumine</strong></span> <span class='ocrx_word' id='word_1_34' title='bbox 624 1950 854 2037; x_wconf 80' lang='lat' dir='ltr'><strong>Regestorum</strong></span> <span class='ocrx_word' id='word_1_35' title='bbox 874 1952 882 1984; x_wconf 88' lang='lat'><strong>¹</strong></span> <span class='ocrx_word' id='word_1_36' title='bbox 905 1949 1138 2017; x_wconf 87' lang='lat' dir='ltr'><strong>continentur.</strong></span> <span class='ocrx_word' id='word_1_37' title='bbox 1163 1950 1385 2017; x_wconf 87' lang='lat' dir='ltr'><strong>invenientur</strong></span> <span class='ocrx_word' id='word_1_38' title='bbox 1407 1960 1455 2015; x_wconf 89' lang='lat' dir='ltr'><strong>ta-</strong></span> 
     </span>
     <span class='ocr_line' id='line_1_6' title="bbox 224 2064 1481 2153; baseline -0.001 -23"><span class='ocrx_word' id='word_1_39' title='bbox 224 2085 307 2133; x_wconf 89' lang='lat' dir='ltr'><strong>men</strong></span> <span class='ocrx_word' id='word_1_40' title='bbox 324 2064 507 2151; x_wconf 89' lang='lat' dir='ltr'><strong>aliquando</strong></span> <span class='ocrx_word' id='word_1_41' title='bbox 528 2066 651 2153; x_wconf 84' lang='lat' dir='ltr'><strong>plenae</strong></span> <span class='ocrx_word' id='word_1_42' title='bbox 674 2076 779 2151; x_wconf 90' lang='lat' dir='ltr'><strong>atque</strong></span> <span class='ocrx_word' id='word_1_43' title='bbox 798 2064 956 2151; x_wconf 83' lang='lat' dir='ltr'>integrae</span> <span class='ocrx_word' id='word_1_44' title='bbox 971 2064 1149 2152; x_wconf 89' lang='lat' dir='ltr'><strong>epistolae,</strong></span> <span class='ocrx_word' id='word_1_45' title='bbox 1170 2088 1212 2132; x_wconf 88' lang='lat' dir='ltr'><strong>ex</strong></span> <span class='ocrx_word' id='word_1_46' title='bbox 1233 2064 1308 2131; x_wconf 87' lang='lat' dir='ltr'><strong>aliis</strong></span> <span class='ocrx_word' id='word_1_47' title='bbox 1328 2064 1456 2132; x_wconf 88' lang='lat' dir='ltr'><strong>codici·</strong></span> <span class='ocrx_word' id='word_1_48' title='bbox 1478 2088 1481 2102; x_wconf 70' lang='lat'>¹</span> 
     </span>
     <span class='ocr_line' id='line_1_7' title="bbox 221 2180 1456 2269; baseline 0.002 -24"><span class='ocrx_word' id='word_1_49' title='bbox 221 2180 292 2245; x_wconf 91' lang='lat' dir='ltr'><strong>bus</strong></span> <span class='ocrx_word' id='word_1_50' title='bbox 308 2180 511 2265; x_wconf 88' lang='lat' dir='ltr'><strong>plerumque</strong></span> <span class='ocrx_word' id='word_1_51' title='bbox 522 2182 755 2267; x_wconf 85' lang='lat' dir='ltr'>depromptae,</span> <span class='ocrx_word' id='word_1_52' title='bbox 773 2202 918 2266; x_wconf 84' lang='lat' dir='ltr'><strong>quarum</strong></span> <span class='ocrx_word' id='word_1_53' title='bbox 934 2180 1117 2248; x_wconf 89' lang='lat' dir='ltr'><strong>summaria</strong></span> <span class='ocrx_word' id='word_1_54' title='bbox 1133 2180 1233 2249; x_wconf 92' lang='lat' dir='ltr'><strong>etiam</strong></span> <span class='ocrx_word' id='word_1_55' title='bbox 1248 2180 1283 2247; x_wconf 90' lang='lat' dir='ltr'><strong>in</strong></span> <span class='ocrx_word' id='word_1_56' title='bbox 1296 2182 1456 2269; x_wconf 81' lang='lat' dir='ltr'><strong>Regestis</strong></span> 
     </span>
     <span class='ocr_line' id='line_1_8' title="bbox 221 2295 1454 2385; baseline -0.001 -20"><span class='ocrx_word' id='word_1_57' title='bbox 221 2306 457 2365; x_wconf 81' lang='lat' dir='ltr'><strong>asservantur.</strong></span> <span class='ocrx_word' id='word_1_58' title='bbox 471 2298 548 2385; x_wconf 90' lang='lat' dir='ltr'><strong>Jam</strong></span> <span class='ocrx_word' id='word_1_59' title='bbox 565 2316 659 2377; x_wconf 84' lang='lat' dir='ltr'><strong>vero,</strong></span> <span class='ocrx_word' id='word_1_60' title='bbox 672 2318 729 2377; x_wconf 89' lang='lat' dir='ltr'><strong>ne,</strong></span> <span class='ocrx_word' id='word_1_61' title='bbox 742 2318 822 2364; x_wconf 90' lang='lat' dir='ltr'><strong>cum</strong></span> <span class='ocrx_word' id='word_1_62' title='bbox 835 2298 903 2363; x_wconf 91' lang='lat' dir='ltr'><strong>hoc</strong></span> <span class='ocrx_word' id='word_1_63' title='bbox 915 2295 1062 2377; x_wconf 88' lang='lat' dir='ltr'><strong>accidat,</strong></span> <span class='ocrx_word' id='word_1_64' title='bbox 1076 2317 1242 2383; x_wconf 85' lang='lat' dir='ltr'><strong>cogamur</strong></span> <span class='ocrx_word' id='word_1_65' title='bbox 1260 2299 1314 2367; x_wconf 92' lang='lat' dir='ltr'><strong>vel</strong></span> <span class='ocrx_word' id='word_1_66' title='bbox 1326 2297 1454 2383; x_wconf 89' lang='lat' dir='ltr'><strong>aliquid</strong></span> 
     </span>
     <span class='ocr_line' id='line_1_9' title="bbox 221 2410 1453 2500; baseline 0.002 -23"><span class='ocrx_word' id='word_1_67' title='bbox 221 2410 396 2491; x_wconf 87' lang='lat' dir='ltr'><strong>omittere,</strong></span> <span class='ocrx_word' id='word_1_68' title='bbox 412 2412 506 2495; x_wconf 87' lang='lat' dir='ltr'><strong>quod</strong></span> <span class='ocrx_word' id='word_1_69' title='bbox 532 2410 567 2478; x_wconf 92' lang='lat' dir='ltr'><strong>in</strong></span> <span class='ocrx_word' id='word_1_70' title='bbox 595 2412 750 2499; x_wconf 89' lang='lat' dir='ltr'><strong>epistolis</strong></span> <span class='ocrx_word' id='word_1_71' title='bbox 768 2422 805 2481; x_wconf 91' lang='lat' dir='ltr'><strong>et</strong></span> <span class='ocrx_word' id='word_1_72' title='bbox 826 2413 986 2500; x_wconf 76' lang='lat' dir='ltr'><strong>Regestis</strong></span> <span class='ocrx_word' id='word_1_73' title='bbox 1009 2412 1218 2493; x_wconf 84' lang='lat' dir='ltr'><strong>continetur,</strong></span> <span class='ocrx_word' id='word_1_74' title='bbox 1249 2413 1304 2481; x_wconf 90' lang='lat' dir='ltr'><strong>vel</strong></span> <span class='ocrx_word' id='word_1_75' title='bbox 1330 2411 1453 2479; x_wconf 89' lang='lat' dir='ltr'><strong>iterum</strong></span> 
     </span>
     <span class='ocr_line' id='line_1_10' title="bbox 222 2526 1454 2615; baseline 0.005 -24"><span class='ocrx_word' id='word_1_76' title='bbox 222 2526 316 2615; x_wconf 88' lang='lat' dir='ltr'><strong>typis</strong></span> <span class='ocrx_word' id='word_1_77' title='bbox 327 2528 481 2595; x_wconf 89' lang='lat' dir='ltr'><strong>eamdem</strong></span> <span class='ocrx_word' id='word_1_78' title='bbox 498 2549 571 2595; x_wconf 89' lang='lat' dir='ltr'><strong>rem</strong></span> <span class='ocrx_word' id='word_1_79' title='bbox 587 2527 660 2595; x_wconf 87' lang='lat' dir='ltr'><strong>sine</strong></span> <span class='ocrx_word' id='word_1_80' title='bbox 681 2527 829 2597; x_wconf 91' lang='lat' dir='ltr'><strong>utilitate</strong></span> <span class='ocrx_word' id='word_1_81' title='bbox 849 2527 1031 2613; x_wconf 89' lang='lat' dir='ltr'><strong>subjicere,</strong></span> <span class='ocrx_word' id='word_1_82' title='bbox 1054 2528 1222 2612; x_wconf 83' lang='lat' dir='ltr'><strong>quaedam</strong></span> <span class='ocrx_word' id='word_1_83' title='bbox 1239 2528 1338 2595; x_wconf 76' lang='lat' dir='ltr'><strong>nabis</strong></span> <span class='ocrx_word' id='word_1_84' title='bbox 1354 2550 1454 2615; x_wconf 90' lang='lat' dir='ltr'><strong>prae-</strong></span> 
     </span>
     <span class='ocr_line' id='line_1_11' title="bbox 221 2640 1452 2730; baseline 0.001 -21"><span class='ocrx_word' id='word_1_85' title='bbox 221 2642 363 2710; x_wconf 81' lang='lat' dir='ltr'><strong>fiximus</strong></span> <span class='ocrx_word' id='word_1_86' title='bbox 378 2640 414 2710; x_wconf 89' lang='lat' dir='ltr'><strong>in</strong></span> <span class='ocrx_word' id='word_1_87' title='bbox 430 2644 496 2711; x_wconf 92' lang='lat' dir='ltr'><strong>hoc</strong></span> <span class='ocrx_word' id='word_1_88' title='bbox 512 2644 647 2713; x_wconf 89' lang='lat' dir='ltr'><strong>edendo</strong></span> <span class='ocrx_word' id='word_1_89' title='bbox 659 2644 836 2713; x_wconf 90' lang='lat' dir='ltr'><strong>volumine</strong></span> <span class='ocrx_word' id='word_1_90' title='bbox 849 2644 1078 2724; x_wconf 83' lang='lat' dir='ltr'><strong>observanda,</strong></span> <span class='ocrx_word' id='word_1_91' title='bbox 1093 2664 1181 2729; x_wconf 89' lang='lat' dir='ltr'><strong>quae</strong></span> <span class='ocrx_word' id='word_1_92' title='bbox 1194 2643 1334 2730; x_wconf 88' lang='lat' dir='ltr'><strong>cognita</strong></span> <span class='ocrx_word' id='word_1_93' title='bbox 1345 2643 1452 2712; x_wconf 89' lang='lat' dir='ltr'><strong>lecto-</strong></span> 
     </span>
     <span class='ocr_line' id='line_1_12' title="bbox 220 2758 1451 2846; baseline 0.001 -21"><span class='ocrx_word' id='word_1_94' title='bbox 220 2758 321 2826; x_wconf 91' lang='lat' dir='ltr'><strong>ribus</strong></span> <span class='ocrx_word' id='word_1_95' title='bbox 335 2761 508 2840; x_wconf 88' lang='lat' dir='ltr'><strong>volumus,</strong></span> <span class='ocrx_word' id='word_1_96' title='bbox 537 2759 707 2846; x_wconf 88' lang='lat' dir='ltr'><strong>simulque</strong></span> <span class='ocrx_word' id='word_1_97' title='bbox 734 2759 962 2828; x_wconf 85' lang='lat' dir='ltr'><strong>indicabimus</strong></span> <span class='ocrx_word' id='word_1_98' title='bbox 984 2759 1085 2843; x_wconf 87' lang='lat' dir='ltr'><strong>viam,</strong></span> <span class='ocrx_word' id='word_1_99' title='bbox 1105 2781 1172 2845; x_wconf 88' lang='lat' dir='ltr'><strong>qua</strong></span> <span class='ocrx_word' id='word_1_100' title='bbox 1196 2759 1246 2826; x_wconf 90' lang='lat' dir='ltr'><strong>usi</strong></span> <span class='ocrx_word' id='word_1_101' title='bbox 1259 2781 1391 2842; x_wconf 88' lang='lat' dir='ltr'><strong>sumus,</strong></span> <span class='ocrx_word' id='word_1_102' title='bbox 1410 2761 1451 2826; x_wconf 85' lang='lat' dir='ltr'><strong>ad</strong></span> 
     </span>
     <span class='ocr_line' id='line_1_13' title="bbox 219 2875 1451 2964; baseline -0.001 -23"><span class='ocrx_word' id='word_1_103' title='bbox 219 2875 474 2964; x_wconf 88' lang='lat' dir='ltr'><strong>designandum</strong></span> <span class='ocrx_word' id='word_1_104' title='bbox 492 2876 687 2963; x_wconf 85' lang='lat' dir='ltr'><strong>scriptionis</strong></span> <span class='ocrx_word' id='word_1_105' title='bbox 703 2888 851 2962; x_wconf 90' lang='lat' dir='ltr'><strong>tempus,</strong></span> <span class='ocrx_word' id='word_1_106' title='bbox 869 2877 963 2961; x_wconf 88' lang='lat' dir='ltr'><strong>quod</strong></span> <span class='ocrx_word' id='word_1_107' title='bbox 979 2897 1081 2962; x_wconf 82' lang='lat' dir='ltr'><strong>saepe</strong></span> <span class='ocrx_word' id='word_1_108' title='bbox 1098 2877 1141 2943; x_wconf 92' lang='lat' dir='ltr'><strong>ab</strong></span> <span class='ocrx_word' id='word_1_109' title='bbox 1153 2875 1372 2962; x_wconf 87' lang='lat' dir='ltr'><strong>epistolarum</strong></span> <span class='ocrx_word' id='word_1_110' title='bbox 1389 2897 1451 2942; x_wconf 90' lang='lat' dir='ltr'><strong>au-</strong></span> 
     </span>
     <span class='ocr_line' id='line_1_14' title="bbox 220 2990 780 3078; baseline 0.004 -22"><span class='ocrx_word' id='word_1_111' title='bbox 220 3003 319 3058; x_wconf 86' lang='lat' dir='ltr'><strong>ctore</strong></span> <span class='ocrx_word' id='word_1_112' title='bbox 334 2990 470 3060; x_wconf 86' lang='lat' dir='ltr'><strong>silentio</strong></span> <span class='ocrx_word' id='word_1_113' title='bbox 483 2991 780 3078; x_wconf 85' lang='lat' dir='ltr'><strong>praetermittitur.</strong></span> 
     </span>
    </p>
   </div>
   <div class='ocr_carea' id='block_1_3' title="bbox 424 3173 1251 3240">
    <p class='ocr_par' dir='ltr' id='par_1_3' title="bbox 424 3173 1251 3240">
     <span class='ocr_line' id='line_1_15' title="bbox 424 3173 1251 3240; baseline -0.001 -1"><span class='ocrx_word' id='word_1_114' title='bbox 424 3173 543 3240; x_wconf 78' lang='lat' dir='ltr'>RATIO</span> <span class='ocrx_word' id='word_1_115' title='bbox 560 3192 598 3239; x_wconf 87' lang='lat' dir='ltr'><strong>IN</strong></span> <span class='ocrx_word' id='word_1_116' title='bbox 616 3191 764 3240; x_wconf 82' lang='lat' dir='ltr'>EDENDO</span> <span class='ocrx_word' id='word_1_117' title='bbox 781 3191 854 3240; x_wconf 84' lang='lat' dir='ltr'><strong>HOC</strong></span> <span class='ocrx_word' id='word_1_118' title='bbox 876 3191 1067 3239; x_wconf 85' lang='lat' dir='ltr'>VOLUMINE</span> <span class='ocrx_word' id='word_1_119' title='bbox 1086 3188 1251 3240; x_wconf 82' lang='lat' dir='ltr'>SERVATA</span> 
     </span>
    </p>
   </div>
   <div class='ocr_carea' id='block_1_4' title="bbox 212 3337 1450 4582">
    <p class='ocr_par' dir='ltr' id='par_1_4' title="bbox 215 3337 1450 3773">
     <span class='ocr_line' id='line_1_16' title="bbox 291 3337 1449 3427; baseline -0.002 -19"><span class='ocrx_word' id='word_1_120' title='bbox 291 3343 321 3426; x_wconf 89' lang='lat'><strong>1)</strong></span> <span class='ocrx_word' id='word_1_121' title='bbox 367 3341 519 3427; x_wconf 83' lang='lat' dir='ltr'><strong>Quando</strong></span> <span class='ocrx_word' id='word_1_122' title='bbox 537 3340 763 3408; x_wconf 86' lang='lat' dir='ltr'><strong>summarium</strong></span> <span class='ocrx_word' id='word_1_123' title='bbox 779 3340 971 3421; x_wconf 83' lang='lat' dir='ltr'><strong>dumtaxat,</strong></span> <span class='ocrx_word' id='word_1_124' title='bbox 991 3361 1059 3407; x_wconf 90' lang='lat' dir='ltr'><strong>non</strong></span> <span class='ocrx_word' id='word_1_125' title='bbox 1072 3360 1155 3408; x_wconf 89' lang='lat' dir='ltr'><strong>vero</strong></span> <span class='ocrx_word' id='word_1_126' title='bbox 1167 3337 1323 3426; x_wconf 89' lang='lat' dir='ltr'><strong>epistola,</strong></span> <span class='ocrx_word' id='word_1_127' title='bbox 1341 3341 1449 3406; x_wconf 90' lang='lat' dir='ltr'><strong>habe-</strong></span> 
     </span>
     <span class='ocr_line' id='line_1_17' title="bbox 217 3454 1449 3540; baseline 0 -18"><span class='ocrx_word' id='word_1_128' title='bbox 217 3467 286 3540; x_wconf 90' lang='lat' dir='ltr'><strong>tur,</strong></span> <span class='ocrx_word' id='word_1_129' title='bbox 302 3457 386 3523; x_wconf 87' lang='lat' dir='ltr'><strong>itlud</strong></span> <span class='ocrx_word' id='word_1_130' title='bbox 398 3457 533 3524; x_wconf 86' lang='lat' dir='ltr'><strong>edimus</strong></span> <span class='ocrx_word' id='word_1_131' title='bbox 544 3477 641 3524; x_wconf 90' lang='lat' dir='ltr'><strong>more</strong></span> <span class='ocrx_word' id='word_1_132' title='bbox 651 3467 782 3540; x_wconf 87' lang='lat' dir='ltr'><strong>nostro,</strong></span> <span class='ocrx_word' id='word_1_133' title='bbox 797 3455 988 3528; x_wconf 88' lang='lat' dir='ltr'><strong>secundum</strong></span> <span class='ocrx_word' id='word_1_134' title='bbox 1000 3455 1211 3536; x_wconf 85' lang='lat' dir='ltr'><strong>methodum,</strong></span> <span class='ocrx_word' id='word_1_135' title='bbox 1222 3476 1324 3540; x_wconf 91' lang='lat' dir='ltr'><strong>quam</strong></span> <span class='ocrx_word' id='word_1_136' title='bbox 1338 3454 1372 3520; x_wconf 91' lang='lat' dir='ltr'><strong>in</strong></span> <span class='ocrx_word' id='word_1_137' title='bbox 1386 3477 1449 3522; x_wconf 93' lang='lat' dir='ltr'><strong>vo—</strong></span> 
     </span>
     <span class='ocr_line' id='line_1_18' title="bbox 215 3569 1450 3658; baseline -0.002 -22"><span class='ocrx_word' id='word_1_138' title='bbox 215 3572 346 3638; x_wconf 90' lang='lat' dir='ltr'><strong>lumine</strong></span> <span class='ocrx_word' id='word_1_139' title='bbox 373 3569 483 3658; x_wconf 90' lang='lat' dir='ltr'><strong>primo</strong></span> <span class='ocrx_word' id='word_1_140' title='bbox 505 3570 642 3658; x_wconf 90' lang='lat' dir='ltr'><strong>sequuti</strong></span> <span class='ocrx_word' id='word_1_141' title='bbox 669 3591 801 3638; x_wconf 91' lang='lat' dir='ltr'><strong>sumus.</strong></span> <span class='ocrx_word' id='word_1_142' title='bbox 832 3570 935 3638; x_wconf 87' lang='lat' dir='ltr'><strong>Nulla</strong></span> <span class='ocrx_word' id='word_1_143' title='bbox 951 3569 1041 3638; x_wconf 87' lang='lat' dir='ltr'><strong>enim</strong></span> <span class='ocrx_word' id='word_1_144' title='bbox 1064 3569 1097 3638; x_wconf 92' lang='lat' dir='ltr'><strong>in</strong></span> <span class='ocrx_word' id='word_1_145' title='bbox 1116 3591 1277 3656; x_wconf 86' lang='lat' dir='ltr'><strong>praesens</strong></span> <span class='ocrx_word' id='word_1_146' title='bbox 1294 3583 1347 3637; x_wconf 93' lang='lat' dir='ltr'><strong>est</strong></span> <span class='ocrx_word' id='word_1_147' title='bbox 1363 3569 1450 3637; x_wconf 90' lang='lat' dir='ltr'><strong>ratio</strong></span> 
     </span>
     <span class='ocr_line' id='line_1_19' title="bbox 215 3685 963 3773; baseline -0.001 -21"><span class='ocrx_word' id='word_1_148' title='bbox 215 3707 279 3753; x_wconf 87' lang='lat' dir='ltr'><strong>cur</strong></span> <span class='ocrx_word' id='word_1_149' title='bbox 296 3697 465 3773; x_wconf 86' lang='lat' dir='ltr'><strong>arecepta</strong></span> <span class='ocrx_word' id='word_1_150' title='bbox 480 3685 732 3772; x_wconf 83' lang='lat' dir='ltr'><strong>consuetudine</strong></span> <span class='ocrx_word' id='word_1_151' title='bbox 749 3685 963 3755; x_wconf 88' lang='lat' dir='ltr'><strong>recedamus.</strong></span> 
     </span>
    </p>

    <p class='ocr_par' dir='ltr' id='par_1_5' title="bbox 212 3799 1449 4582">
     <span class='ocr_line' id='line_1_20' title="bbox 282 3799 1449 3889; baseline -0.003 -19"><span class='ocrx_word' id='word_1_152' title='bbox 282 3805 314 3888; x_wconf 88' lang='lat'><strong>2)</strong></span> <span class='ocrx_word' id='word_1_153' title='bbox 360 3802 511 3889; x_wconf 85' lang='lat' dir='ltr'><strong>Quando</strong></span> <span class='ocrx_word' id='word_1_154' title='bbox 526 3814 599 3870; x_wconf 92' lang='lat' dir='ltr'><strong>tum</strong></span> <span class='ocrx_word' id='word_1_155' title='bbox 610 3802 757 3888; x_wconf 89' lang='lat' dir='ltr'><strong>epistola</strong></span> <span class='ocrx_word' id='word_1_156' title='bbox 770 3813 842 3868; x_wconf 90' lang='lat' dir='ltr'><strong>tum</strong></span> <span class='ocrx_word' id='word_1_157' title='bbox 855 3801 1007 3887; x_wconf 89' lang='lat' dir='ltr'><strong>ejusdem</strong></span> <span class='ocrx_word' id='word_1_158' title='bbox 1021 3799 1263 3887; x_wconf 90' lang='lat' dir='ltr'><strong>compendium</strong></span> <span class='ocrx_word' id='word_1_159' title='bbox 1278 3801 1369 3886; x_wconf 91' lang='lat' dir='ltr'><strong>apud</strong></span> <span class='ocrx_word' id='word_1_160' title='bbox 1385 3823 1449 3868; x_wconf 90' lang='lat' dir='ltr'><strong>nos</strong></span> 
     </span>
     <span class='ocr_line' id='line_1_21' title="bbox 214 3915 1445 4005; baseline -0.003 -19"><span class='ocrx_word' id='word_1_161' title='bbox 214 3930 309 3999; x_wconf 89' lang='lat' dir='ltr'><strong>sunt,</strong></span> <span class='ocrx_word' id='word_1_162' title='bbox 328 3930 432 4005; x_wconf 91' lang='lat' dir='ltr'><strong>atque</strong></span> <span class='ocrx_word' id='word_1_163' title='bbox 447 3917 532 3985; x_wconf 90' lang='lat' dir='ltr'><strong>nihil</strong></span> <span class='ocrx_word' id='word_1_164' title='bbox 554 3939 693 4005; x_wconf 90' lang='lat' dir='ltr'><strong>prorsus</strong></span> <span class='ocrx_word' id='word_1_165' title='bbox 716 3917 752 3984; x_wconf 90' lang='lat' dir='ltr'><strong>in</strong></span> <span class='ocrx_word' id='word_1_166' title='bbox 768 3938 808 3986; x_wconf 83' lang='lat' dir='ltr'><strong>eo</strong></span> <span class='ocrx_word' id='word_1_167' title='bbox 834 3916 1014 4004; x_wconf 89' lang='lat' dir='ltr'><strong>reperitur,</strong></span> <span class='ocrx_word' id='word_1_168' title='bbox 1040 3917 1133 4001; x_wconf 90' lang='lat' dir='ltr'><strong>quod</strong></span> <span class='ocrx_word' id='word_1_169' title='bbox 1160 3915 1195 3982; x_wconf 93' lang='lat' dir='ltr'><strong>in</strong></span> <span class='ocrx_word' id='word_1_170' title='bbox 1212 3915 1356 4002; x_wconf 86' lang='lat' dir='ltr'><strong>epistola</strong></span> <span class='ocrx_word' id='word_1_171' title='bbox 1373 3937 1445 3982; x_wconf 91' lang='lat' dir='ltr'><strong>non</strong></span> 
     </span>
     <span class='ocr_line' id='line_1_22' title="bbox 212 4031 1446 4118; baseline -0.002 -18"><span class='ocrx_word' id='word_1_172' title='bbox 212 4033 442 4114; x_wconf 86' lang='lat' dir='ltr'><strong>contineatur,</strong></span> <span class='ocrx_word' id='word_1_173' title='bbox 458 4045 541 4100; x_wconf 90' lang='lat' dir='ltr'><strong>tunc</strong></span> <span class='ocrx_word' id='word_1_174' title='bbox 556 4033 669 4101; x_wconf 88' lang='lat' dir='ltr'><strong>visum</strong></span> <span class='ocrx_word' id='word_1_175' title='bbox 685 4045 738 4101; x_wconf 88' lang='lat' dir='ltr'><strong>est</strong></span> <span class='ocrx_word' id='word_1_176' title='bbox 755 4031 855 4100; x_wconf 91' lang='lat' dir='ltr'><strong>nobis</strong></span> <span class='ocrx_word' id='word_1_177' title='bbox 875 4031 1067 4118; x_wconf 89' lang='lat' dir='ltr'><strong>epistolam,</strong></span> <span class='ocrx_word' id='word_1_178' title='bbox 1093 4031 1233 4099; x_wconf 89' lang='lat' dir='ltr'><strong>minime</strong></span> <span class='ocrx_word' id='word_1_179' title='bbox 1253 4051 1336 4099; x_wconf 87' lang='lat' dir='ltr'><strong>vero</strong></span> <span class='ocrx_word' id='word_1_180' title='bbox 1352 4052 1446 4098; x_wconf 90' lang='lat' dir='ltr'><strong>com-</strong></span> 
     </span>
     <span class='ocr_line' id='line_1_23' title="bbox 213 4132 1447 4237; baseline -0.003 -21"><span class='ocrx_word' id='word_1_181' title='bbox 213 4149 375 4236; x_wconf 86' lang='lat' dir='ltr'><strong>pendium</strong></span> <span class='ocrx_word' id='word_1_182' title='bbox 392 4150 507 4231; x_wconf 89' lang='lat' dir='ltr'><strong>edere,</strong></span> <span class='ocrx_word' id='word_1_183' title='bbox 524 4149 654 4237; x_wconf 86' lang='lat' dir='ltr'><strong>quippe</strong></span> <span class='ocrx_word' id='word_1_184' title='bbox 673 4148 795 4218; x_wconf 91' lang='lat' dir='ltr'><strong>inutile</strong></span> <span class='ocrx_word' id='word_1_185' title='bbox 815 4147 956 4216; x_wconf 87' lang='lat' dir='ltr'><strong>omnino</strong></span> <span class='ocrx_word' id='word_1_186' title='bbox 976 4132 1021 4214; x_wconf 88' lang='lat' dir='ltr'><strong>ad</strong></span> <span class='ocrx_word' id='word_1_187' title='bbox 1041 4147 1218 4215; x_wconf 88' lang='lat' dir='ltr'><strong>historiam</strong></span> <span class='ocrx_word' id='word_1_188' title='bbox 1241 4157 1300 4213; x_wconf 90' lang='lat' dir='ltr'><strong>aut</strong></span> <span class='ocrx_word' id='word_1_189' title='bbox 1317 4148 1361 4215; x_wconf 90' lang='lat' dir='ltr'><strong>ad</strong></span> <span class='ocrx_word' id='word_1_190' title='bbox 1378 4147 1447 4233; x_wconf 92' lang='lat' dir='ltr'><strong>pri-</strong></span> 
     </span>
     <span class='ocr_line' id='line_1_24' title="bbox 213 4261 1446 4354; baseline -0.002 -24"><span class='ocrx_word' id='word_1_191' title='bbox 213 4275 327 4332; x_wconf 85' lang='lat' dir='ltr'><strong>vatam</strong></span> <span class='ocrx_word' id='word_1_192' title='bbox 358 4266 506 4352; x_wconf 90' lang='lat' dir='ltr'><strong>alicujus</strong></span> <span class='ocrx_word' id='word_1_193' title='bbox 533 4265 766 4354; x_wconf 84' lang='lat' dir='ltr'><strong>cognitionem</strong></span> <span class='ocrx_word' id='word_1_194' title='bbox 799 4263 834 4346; x_wconf 84' lang='lat' dir='ltr'><strong>id</strong></span> <span class='ocrx_word' id='word_1_195' title='bbox 866 4274 974 4345; x_wconf 90' lang='lat' dir='ltr'><strong>esset;</strong></span> <span class='ocrx_word' id='word_1_196' title='bbox 1010 4261 1238 4330; x_wconf 90' lang='lat' dir='ltr'><strong>indicabimus</strong></span> <span class='ocrx_word' id='word_1_197' title='bbox 1266 4274 1381 4331; x_wconf 90' lang='lat' dir='ltr'><strong>tamen</strong></span> <span class='ocrx_word' id='word_1_198' title='bbox 1410 4262 1446 4328; x_wconf 90' lang='lat' dir='ltr'><strong>in</strong></span> 
     </span>
     <span class='ocr_line' id='line_1_25' title="bbox 216 4377 1444 4468; baseline -0.004 -20"><span class='ocrx_word' id='word_1_199' title='bbox 216 4382 265 4448; x_wconf 76' lang='lat'><strong>1.⁸</strong></span> <span class='ocrx_word' id='word_1_200' title='bbox 280 4381 504 4450; x_wconf 89' lang='lat' dir='ltr'><strong>annotatione</strong></span> <span class='ocrx_word' id='word_1_201' title='bbox 515 4381 600 4449; x_wconf 90' lang='lat' dir='ltr'><strong>illud</strong></span> <span class='ocrx_word' id='word_1_202' title='bbox 611 4379 855 4468; x_wconf 88' lang='lat' dir='ltr'><strong>compendium</strong></span> <span class='ocrx_word' id='word_1_203' title='bbox 868 4379 927 4448; x_wconf 90' lang='lat' dir='ltr'><strong>tali</strong></span> <span class='ocrx_word' id='word_1_204' title='bbox 940 4380 1015 4448; x_wconf 90' lang='lat' dir='ltr'><strong>loco</strong></span> <span class='ocrx_word' id='word_1_205' title='bbox 1028 4389 1176 4447; x_wconf 83' lang='lat' dir='ltr'><strong>exstare.</strong></span> <span class='ocrx_word' id='word_1_206' title='bbox 1191 4379 1298 4464; x_wconf 84' lang='lat' dir='ltr'><strong>Quod</strong></span> <span class='ocrx_word' id='word_1_207' title='bbox 1310 4377 1338 4444; x_wconf 92' lang='lat' dir='ltr'><strong>si</strong></span> <span class='ocrx_word' id='word_1_208' title='bbox 1352 4399 1444 4444; x_wconf 89' lang='lat' dir='ltr'><strong>com-</strong></span> 
     </span>
     <span class='ocr_line' id='line_1_26' title="bbox 212 4492 1444 4582; baseline -0.004 -19"><span class='ocrx_word' id='word_1_209' title='bbox 212 4497 374 4581; x_wconf 89' lang='lat' dir='ltr'><strong>pendium</strong></span> <span class='ocrx_word' id='word_1_210' title='bbox 394 4509 455 4565; x_wconf 92' lang='lat' dir='ltr'><strong>aut</strong></span> <span class='ocrx_word' id='word_1_211' title='bbox 478 4497 701 4565; x_wconf 89' lang='lat' dir='ltr'><strong>summarium</strong></span> <span class='ocrx_word' id='word_1_212' title='bbox 728 4495 858 4582; x_wconf 89' lang='lat' dir='ltr'><strong>aliquid</strong></span> <span class='ocrx_word' id='word_1_213' title='bbox 880 4494 985 4563; x_wconf 91' lang='lat' dir='ltr'><strong>addat</strong></span> <span class='ocrx_word' id='word_1_214' title='bbox 1012 4492 1188 4580; x_wconf 87' lang='lat' dir='ltr'><strong>epistolae,</strong></span> <span class='ocrx_word' id='word_1_215' title='bbox 1218 4503 1302 4580; x_wconf 89' lang='lat' dir='ltr'><strong>puta</strong></span> <span class='ocrx_word' id='word_1_216' title='bbox 1319 4515 1444 4562; x_wconf 89' lang='lat' dir='ltr'><strong>nomen</strong></span> 
     </span>
    </p>
   </div>
   <div class='ocr_carea' id='block_1_5' title="bbox 215 4651 1444 4818">
    <p class='ocr_par' dir='ltr' id='par_1_6' title="bbox 215 4651 1444 4818">
     <span class='ocr_line' id='line_1_27' title="bbox 266 4651 1444 4729; baseline -0.005 -17"><span class='ocrx_word' id='word_1_217' title='bbox 266 4657 273 4686; x_wconf 82' lang='lat'><strong>¹</strong></span> <span class='ocrx_word' id='word_1_218' title='bbox 311 4655 388 4712; x_wconf 87' lang='lat' dir='ltr'><strong>Vide</strong></span> <span class='ocrx_word' id='word_1_219' title='bbox 409 4655 497 4728; x_wconf 77' lang='lat' dir='ltr'><strong>hujus</strong></span> <span class='ocrx_word' id='word_1_220' title='bbox 519 4654 630 4712; x_wconf 82' lang='lat' dir='ltr'><strong>codicis</strong></span> <span class='ocrx_word' id='word_1_221' title='bbox 650 4654 881 4729; x_wconf 85' lang='lat' dir='ltr'><strong>descriptionem</strong></span> <span class='ocrx_word' id='word_1_222' title='bbox 903 4669 1003 4726; x_wconf 87' lang='lat' dir='ltr'><strong>supra,</strong></span> <span class='ocrx_word' id='word_1_223' title='bbox 1025 4661 1047 4708; x_wconf 89' lang='lat' dir='ltr'><strong>t.</strong></span> <span class='ocrx_word' id='word_1_224' title='bbox 1063 4651 1087 4720; x_wconf 87' lang='lat'><strong>1,</strong></span> <span class='ocrx_word' id='word_1_225' title='bbox 1108 4667 1190 4725; x_wconf 76' lang='lat' dir='ltr'><strong>paga.</strong></span> <span class='ocrx_word' id='word_1_226' title='bbox 1206 4651 1301 4724; x_wconf 63' lang='lat'><strong>2330,</strong></span> <span class='ocrx_word' id='word_1_227' title='bbox 1316 4652 1365 4707; x_wconf 88' lang='lat' dir='ltr'><strong>ubi</strong></span> <span class='ocrx_word' id='word_1_228' title='bbox 1382 4669 1444 4724; x_wconf 85' lang='lat' dir='ltr'><strong>par-</strong></span> 
     </span>
     <span class='ocr_line' id='line_1_28' title="bbox 215 4743 1076 4818; baseline -0.002 -20"><span class='ocrx_word' id='word_1_229' title='bbox 215 4749 263 4799; x_wconf 80' lang='lat' dir='ltr'><strong>tes</strong></span> <span class='ocrx_word' id='word_1_230' title='bbox 274 4761 388 4813; x_wconf 81' lang='lat' dir='ltr'><strong>omnes,</strong></span> <span class='ocrx_word' id='word_1_231' title='bbox 400 4761 439 4801; x_wconf 86' lang='lat' dir='ltr'><strong>ex</strong></span> <span class='ocrx_word' id='word_1_232' title='bbox 452 4745 559 4818; x_wconf 88' lang='lat' dir='ltr'><strong>quibus</strong></span> <span class='ocrx_word' id='word_1_233' title='bbox 572 4746 622 4802; x_wconf 85' lang='lat' dir='ltr'><strong>itte</strong></span> <span class='ocrx_word' id='word_1_234' title='bbox 634 4745 788 4815; x_wconf 80' lang='lat' dir='ltr'><strong>coalescit,</strong></span> <span class='ocrx_word' id='word_1_235' title='bbox 801 4743 949 4818; x_wconf 84' lang='lat' dir='ltr'><strong>persecuti</strong></span> <span class='ocrx_word' id='word_1_236' title='bbox 963 4759 1076 4798; x_wconf 81' lang='lat' dir='ltr'><strong>sumus.</strong></span> 
     </span>
    </p>
   </div>
   <div class='ocr_carea' id='block_1_6' title="bbox 0 0 1818 5371">
    <p class='ocr_par' dir='ltr' id='par_1_7' title="bbox 0 0 1818 5371">
     <span class='ocr_line' id='line_1_29' title="bbox 0 0 1818 5371; baseline 0 0"><span class='ocrx_word' id='word_1_237' title='bbox 0 0 1818 5371; x_wconf 95' lang='lat' dir='ltr'><strong> </strong></span> 
     </span>
    </p>
   </div>
  </div>
 </body>
</html>
