3625 5375
397 430 449 485 288
777 430 985 486 Mouuuunra
1004 430 1182 485 leuamenti

361 596 499 653 nostrae
515 584 637 651 domus
657 584 700 649 ad
723 584 973 670 ignoscendum
995 582 1160 650 inductus
1183 594 1238 651 est
1259 596 1297 651 et·
1319 604 1438 671 pacem
1463 584 1594 652 sacien-

361 703 453 781 dam,
472 679 709 786 amplectendo
725 699 862 787 publice
879 710 915 767 et
930 699 1120 765 osculando
1140 721 1231 779 eum,
1255 700 1314 785 qui
1338 699 1496 767 inimicus
1518 700 1592 766 fue·

259 846 260 849 ¹
361 827 425 883 rat:
448 792 627 884 confessus
648 814 785 883 demum
807 812 888 883 fest
909 836 987 880 cum
1010 834 1136 901 magna
1158 796 1343 882 deuotione
1367 826 1402 882 et
1423 814 1591 903 singulari

362 930 494 1000 animae
510 932 593 999 suae
610 931 735 997 fructu.
827 962 830 969 ·
1019 911 1023 916 ⁴
1179 920 1182 927 ¹

428 1046 497 1115 Alii
514 1046 650 1143 plurimi
666 1047 782 1129 etiam,
806 1047 905 1113 morti
928 1046 1042 1129 vicini,
1069 1059 1107 1113 vt
1127 1037 1215 1113 cum¹
1228 1036 1374 1114 inimicis
1395 1046 1590 1114 reconcilia-

362 1176 481 1231 rentur
491 1174 531 1258 et
546 1162 596 1230 sic
612 1141 749 1231 demum
767 1161 952 1231 christiane
968 1163 1213 1250 decederetntt,
1236 1175 1394 1257 curatum
1414 1173 1479 1245 est;
1502 1162 1590 1232 inter

361 1300 448 1363 quos
464 1278 588 1345 nobilis
604 1279 743 1365 quidam
760 1278 862 1345 viret
877 1292 1013 1365 potens,
1032 1280 1102 1364 qui,
1123 1291 1160 1344 vt
1173 1278 1231 1345 alii
1248 1269 1448 1346 assistentes
1459 1298 1590 1345 assere·

361 1396 445 1460 bant
462 1406 488 1475 ἕ,
507 1392 716 1475 inimicitias,
739 1414 819 1461 cum
841 1404 1034 1481 egrotaret,
1056 1395 1220 1476 habebat,
1243 1396 1390 1479 quodam
1414 1387 1590 1463 sacerdote

363 1532 443 1579 eum
461 1523 663 1579 occurrente
684 1531 724 1577 ac
744 1510 864 1577 iuuare
884 1510 1059 1591 studente,
1086 1521 1220 1578 tantum
1243 1532 1265 1576 a
1286 1508 1436 1577 Domino
1458 1499 1589 1577 benefi-

360 1624 615 1713 cium'accepit,
633 1602 672 1691 ut
687 1647 724 1692 se
736 1626 780 1692 ad
792 1623 1104 1693 reconciliationem
1117 1647 1194 1703 cum
1208 1624 1369 1691 omnibus
1380 1624 1586 1711 disponeret,

360 1750 394 1809 et
411 1740 523 1827 reipsa
538 1740 792 1808 satisfactiones
809 1751 844 1808 et
860 1740 1096 1809 restitutiones
1110 1740 1227 1809 debite
1248 1741 1421 1810 faciendas
1439 1738 1586 1821 curauit;

258 1862 260 1870 ’
360 1877 429 1941 quo
445 1867 599 1947 peracto,
617 1856 786 1938 infirmus,
804 1868 900 1923 tanto
915 1878 1021 1925 onere
1036 1858 1184 1937 leuatuS,
1202 1878 1328 1943 magna
1340 1878 1419 1923 cum
1431 1855 1587 1922 consola·

360 1973 454 2041 tione
470 1994 513 2039 ex
529 1972 648 2039 intimo
664 1972 789 2039 affectu
806 1973 1071 2041 deosculabatur
1088 1972 1314 2054 sacerdotem,
1338 1994 1398 2058 per
1418 1990 1520 2057 quem
1541 1968 1589 2036 illi
1697 1979 1700 1997 ¹

360 2086 456 2154 Deus
474 2098 607 2160 tantum
623 2088 781 2157 beneficii
798 2088 1021 2175 impenderat,
1041 2100 1076 2156 et
1096 2110 1134 2156 se
1153 2089 1291 2155 demum
1312 2090 1403 2155 bono
1423 2086 1460 2153 in
1480 2098 1584 2169 statu,

358 2215 395 2269 vt
412 2204 619 2291 sperandum
636 2216 700 2286 est,
718 2202 876 2271 decessit.
896 2204 967 2290 Sed
982 2205 1124 2290 longum
1141 2216 1233 2271 esset
1248 2202 1361 2285 nimis,
1384 2224 1449 2269 nec
1465 2224 1586 2273 neces-

358 2318 497 2399 sarium,
516 2320 560 2387 de
576 2318 669 2386 omni
684 2318 880 2405 particulari
896 2337 1054 2388 sermone
1069 2319 1239 2407 persequi.

427 2435 529 2503 Domi
559 2456 651 2501 nunc
679 2436 784 2521 aliqui
804 2435 950 2503 subinde
973 2435 1200 2502 admittuntur
1224 2435 1381 2503 iuuenes.
1403 2435 1587 2523 Speremus

357 2550 460 2617 etiam
477 2552 672 2637 complures
688 2574 730 2620 ex
747 2551 821 2621 aliis
837 2550 921 2618 loeis
937 2550 993 2617 hic
1014 2550 1111 2635 breui
1132 2562 1310 2633 venturos,
1331 2551 1403 2636 qui,
1428 2549 1486 2615 vbi
1506 2570 1585 2637 pro·

357 2664 427 2733 bati
446 2665 585 2749 fuerint,
604 2667 647 2733 ad
663 2666 810 2756 collegia
826 2678 863 2732 vt
883 2666 997 2736 studia
1017 2667 1198 2735 absoluant
1219 2666 1376 2732 mittendi
1396 2676 1509 2735 erunt.
1532 2667 1586 2733 ln·

357 2781 456 2848 terim
473 2804 556 2850 vero
571 2803 632 2870 per
655 2785 720 2850 Dei
742 2781 888 2872 gratiam
911 2782 946 2849 in
968 2805 1094 2870 magna
1115 2782 1305 2850 retinentur
1327 2782 1529 2862 humilitatis
1551 2793 1587 2850 et

357 2897 596 2984 abnegationis
612 2877 769 2984 propriae
786 2898 973 2964 uoluntatis
988 2897 1179 2986 disciplina;
1203 2900 1304 2966 cuius
1326 2919 1432 2964 vnum
1453 2907 1584 2964 tantum

356 3013 564 3099 exemplum,
583 3013 744 3080 omnibus
761 3025 873 3080 tamen
891 3006 1087 3092 commune,
1112 3013 1295 3100 proferam.
1322 3014 1426 3099 Quod
1448 3033 1526 3080 cum
1549 3013 1585 3080 in

357 3126 472 3194 animo
489 3129 632 3197 haberet
657 3131 759 3198 Pater
780 3127 936 3216 ignatius
956 3128 1089 3214 aliquos
1109 3129 1145 3194 in
1166 3128 1318 3197 Siciliam
1339 3127 1486 3212 mittere,
1509 3150 1585 3216 pro-

356 3263 440 3330 rege
456 3255 491 3310 et
508 3243 651 3312 ciuitate
666 3244 876 3314 messanensi
889 3243 998 3311 literis
1010 3243 1205 3310 idemtidem
1219 3267 1298 3311 eum
1311 3244 1584 3329 sollicitantibus,

354 3381 472 3427 omnes
489 3358 559 3446 (qui
576 3359 668 3425 domi
685 3373 783 3428 erant
800 3359 944 3446 triginta
958 3382 1032 3440 sex,
1051 3372 1089 3425 vt
1104 3360 1237 3446 opinor)
1253 3362 1297 3427 ad
1311 3380 1460 3446 coquum
1478 3383 1586 3450 vsque

355 3475 529 3556 euocauit,
549 3475 791 3562 propositaque
808 3475 914 3541 huius
930 3474 1149 3560 profectionis
1161 3475 1320 3558 vtilitate,
1334 3476 1512 3562 explorare
1523 3497 1585 3544 vo-

358 3589 422 3656 luit
437 3586 507 3675 'quo
523 3590 669 3676 quisque
685 3589 799 3658 animo
816 3601 920 3672 esset,
937 3603 973 3656 et
993 3611 1094 3676 quam
1117 3591 1161 3656 ad
1180 3591 1409 3659 obedientiam
1431 3605 1583 3680 paratus3

356 3706 448 3774 vnde
465 3705 530 3772 tria
546 3707 633 3774 haec
650 3705 810 3772 omnibus
826 3705 1005 3792 proposuit
1022 3707 1068 3794 (et
1079 3704 1217 3792 quidem
1230 3718 1402 3794 scerptum
1415 3709 1546 3796 excepi)
1556 3707 1584 3795 ὓ,

353 3833 389 3886 et
406 3819 496 3888 intra
513 3820 676 3902 triduum,
696 3820 881 3906 praemissa
898 3820 1066 3900 oratione,
1084 3819 1212 3907 scripto
1228 3820 1293 3887 sibi
1309 3825 1508 3912 responderi
1524 3847 1583 3893 vo-

355 3935 431 4003 tuit:
452 3935 618 4015 Primum,
637 3957 679 4001 an
698 3954 818 4002 omnes
833 3935 930 4003 iuxta
945 3935 1054 4022 parati
1070 3939 1185 4003 es'sent
1206 3938 1249 4003 ad
1269 3941 1420 4006 eundum
1442 3940 1476 4006 in
1497 3939 1585 4010 Sici·

356 4051 436 4118 liam
452 4051 508 4117 vel
531 4072 600 4117 non
622 4051 786 4120 eundum.
810 4051 1021 4120 Secundum:
1047 4051 1106 4138 qni
1130 4064 1229 4120 erant
1251 4052 1345 4137 ituri,
1370 4075 1452 4122 num
1477 4054 1585 4143 parati

410 4293 430 4374 t!
454 4289 569 4346 demom
592 4307 647 4348 ms.
687 4307 735 4344 —r
754 4291 897 4360 Honsen,
919 4296 985 4363 post
1006 4292 1128 4347 verbum
1154 4295 1338 4367 asserebant,
1359 4295 1454 4372 legit:
1479 4298 1585 4370 viginti

355 4379 498 4454 quinque.
515 4381 576 4435 Nos
588 4381 660 4436 hoec
672 4381 763 4435 verba
776 4381 877 4453 legere
890 4399 951 4435 uon
964 4381 1132 4449 valuimus;
1143 4399 1258 4438 necesse
1268 4383 1356 4455 soret
1368 4385 1467 4458 legere
1483 4385 1584 4454 XXV,

355 4467 427 4540 quia
445 4471 569 4525 nonnisi
586 4473 646 4525 ires
662 4469 783 4524 litterae
801 4471 1032 4535 vitisatorem,
1051 4487 1128 4542 quoe
1146 4471 1268 4543 quidem
1286 4492 1306 4527 n
1323 4475 1529 4546 superioribus
1540 4477 1585 4531 di-

352 4573 457 4613 versae
469 4563 550 4627 sunt,
563 4559 598 4614 ni
611 4559 740 4614 multum
752 4557 917 4632 fallimur.
955 4563 1005 4604 -12
1023 4559 1092 4616 Non
1108 4563 1166 4626 tic,
1181 4563 1233 4618 sed
1246 4565 1343 4635 paulo
1361 4563 1502 4635 tisserius,
1517 4570 1586 4640 post

355 4647 476 4702 verbum
490 4647 593 4719 voluit,
608 4649 764 4703 clauditur
774 4649 973 4721 parenthesis.
