3625 5375
556 509 799 583 aeruna-1
820 509 1022 569 swanum
1043 508 1112 579 1548
1362 519 1414 577 217

284 660 336 747 3.⁰
371 663 432 730 'La
455 660 695 748 dispensaciou
714 683 797 749 para
818 660 988 749 Espinosa
1009 680 1078 748 que
1100 681 1139 728 se
1157 664 1344 747 procurata
1372 659 1452 728 viue

211 779 313 847 -voois
329 778 469 847 oraculo
484 778 510 842 ⁸.

795 924 875 1005 449
896 976 900 984 -

525 1056 668 1159 PATRI
691 1056 909 1139 ANTONIO
934 1053 1148 1159 ARAQzlo

599 1201 688 1245 noua
710 1201 722 1244 1
743 1197 941 1252 serenatus
962 1186 1031 1257 1548
1052 1187 1071 1241 ¹.

224 1313 258 1369 in
271 1313 361 1379 uictu,
376 1314 485 1369 sustitit
498 1316 526 1367 et
539 1313 676 1385 corporis
688 1311 890 1386 castigatione
903 1310 1034 1382 aliisque
1043 1310 1086 1369 od
1094 1309 1160 1381 ejus
1170 1311 1266 1365 vitam
1274 1311 1457 1382 pertinenti·

273 1404 336 1468 ltus,
352 1403 498 1458 Patribus
512 1402 645 1473 Querolt
657 1405 713 1457 out
725 1400 841 1472 Soboya
858 1399 1204 1472 obtemperet-strada
1215 1404 1282 1472 post
1294 1400 1455 1457 discessum

270 1492 422 1565 principis
437 1492 661 1547 Salmanticam
679 1490 866 1547 aneae-ue
886 1486 1051 1545 Francius>
1067 1491 1104 1545 de
1126 1488 1231 1561 Rojcs,
1250 1490 1301 1545 cui
1318 1489 1457 1546 Dictaeos

275 1582 311 1637 rie
325 1580 429 1655 Eguio
441 1578 557 1637 scribit.

290 1708 380 1773 Para
395 1707 651 1791 Asaoz.-Que
666 1724 787 1775 acerea
802 1705 846 1773 de
857 1726 899 1771 su
913 1724 1043 1785 comer,
1058 1704 1178 1785 bauer,
1192 1703 1311 1786 vestir,
1329 1704 1458 1772 dormir

181 1868 184 1875 .
225 1842 248 1905 y
274 1820 482 1907 penitentias
509 1843 531 1907 y
558 1820 748 1901 orationes,
778 1832 866 1901 ete,
891 1840 959 1906 que
987 1830 1078 1888 tome
1104 1840 1168 1907 por
1195 1821 1378 1909 pedagogo
1404 1820 1457 1889 sin

227 1936 407 2023 exception
424 1943 444 2003 a
461 1938 606 2023 Queralt
622 1938 634 1970 ¹
652 1937 684 2003 el
701 1936 829 2023 tiernpo
845 1956 913 2023 que
928 1941 1003 2008 esti
1017 1956 1085 2003 con
1098 1937 1147 2018 el;
1168 1960 1191 2023 y
1211 1935 1242 2003 si
1262 1942 1342 2003 vai
1361 1937 1459 2005 Gan·

226 2052 294 2137 dia,
313 2074 380 2138 que
397 2063 489 2120 tome
505 2059 525 2119 ἐι
541 2055 679 2140 Saboya
694 2054 719 2119 ³.

294 2168 346 2235 2.⁰
392 2170 447 2238 De
475 2170 613 2253 Suada,
637 2190 716 2254 que,
743 2169 891 2257 despuis
909 2168 954 2237 de
974 2168 1008 2235 la
1027 2167 1162 2254 panida
1180 2169 1237 2239 del
1264 2170 1417 2258 principe
1433 2173 1458 2251 ⁴,

228 2284 345 2371 lueg0,
363 2290 384 2349 6
400 2285 524 2353 dentro
540 2290 560 2350 a
576 2304 676 2373 poco,
695 2288 782 2353 seria
798 2283 879 2351 bien
895 2284 993 2350 iuese
1009 2290 1029 2349 a
1045 2284 1262 2369 Salamanca3
1280 2306 1362 2372 pero
1378 2305 1459 2370 que,

228 2400 366 2486 quando
381 2400 413 2467 le
429 2398 604 2487 pareziese
624 2420 692 2486 que
712 2420 775 2486 por
790 2400 823 2466 la
843 2420 924 2466 casa
944 2400 1045 2466 debla
1067 2400 1271 2486 temporizar
1293 2421 1339 2465 vn
1359 2421 1460 2487 poen,

227 2536 294 2600 que
311 2536 349 2583 se
364 2515 539 2583 remittese
555 2527 569 2557 ²
584 2522 605 2583 a
621 2535 662 2582 su
678 2514 874 2582 discretiori.

296 2633 349 2717 3.⁰
395 2634 449 2698 De
472 2631 587 2718 Rojas,
614 2642 792 2718 utsupra,
817 2653 839 2717 y
866 2632 1020 2701 darisele
1046 2631 1142 2699 aviso
1170 2631 1272 2702 dela
1299 2644 1393 2701 carta
1419 2636 1464 2701 de

229 2747 273 2815 D.
294 2749 407 2835 Diego
426 2750 448 2814 ³.

230 2889 443 2902 -ι--ιι-

282 2970 296 2998 ⁸
314 2955 404 3010 Forte
416 2953 653 3030 intelligendum
667 2958 722 3010 est:
735 2970 792 3031 qus
805 2969 838 3008 se
852 2953 969 3024 semite,
982 2953 1030 3009 uel
1042 2970 1099 3026 que
1112 2957 1262 3009 remitese.

285 3117 297 3150 ⁸
335 3117 433 3190 Epist.
448 3116 578 3190 Mixine,
591 3116 631 3183 11,
648 3127 708 3186 104,
723 3115 775 3171 ubi
788 3123 887 3172 tamen
900 3113 1063 3188 Espinosae
1075 3132 1181 3171 nomen
1198 3125 1321 3174 tacetur.

286 3299 294 3329 ⁴
334 3295 378 3350 Ex
391 3293 492 3350 codiee
506 3294 625 3367 Regest.
642 3293 666 3358 i,
680 3293 731 3350 iol.
750 3293 832 3365 164v,
846 3310 925 3349 vers.
940 3291 1035 3363 37·42,
1049 3293 1083 3348 P.
1097 3295 1217 3351 Polanci
1231 3311 1329 3350 manu.
1348 3297 1394 3350 De
1406 3295 1467 3366 die,

230 3401 289 3456 quo
300 3383 408 3456 scripta
422 3381 478 3438 luit
491 3384 564 3438 haec
578 3381 712 3454 epistola,
725 3381 793 3438 vide
804 3385 971 3454 superiores
986 3381 1111 3454 litteras,
1121 3381 1180 3438 PP.
1189 3382 1335 3440 Turriano
1344 3395 1375 3440 et
1388 3385 1468 3441 Stra·

231 3471 288 3527 dae
303 3471 438 3545 scriptas,
453 3481 553 3528 annot.
568 3484 592 3526 1.

282 3566 293 3596 s
331 3561 462 3633 Joannes
485 3561 610 3632 Queralt
633 3560 723 3616 sociis
745 3561 1009 3617 barcinonensibus
1028 3571 1173 3634 praeerat.
1195 3564 1284 3621 Porro
1303 3564 1467 3620 Barcinone

231 3649 375 3706 Araozius
389 3657 459 3705 tunc
472 3651 652 3705 versabatur.

284 3741 296 3772 ⁵
333 3737 508 3794 Franciscus
523 3737 650 3810 Saboya.

285 3830 297 3862 ¹
335 3827 477 3900 Princeps
496 3827 650 3900 Philippus
668 3828 698 3884 in
716 3827 853 3898 Belgium
874 3827 968 3884 iturus
988 3838 1060 3888 erat.
1082 3831 1155 3887 Vult
1173 3831 1264 3902 igitur
1284 3833 1417 3904 ignatius
1437 3844 1468 3891 ut

233 3933 300 3972 cum
315 3909 451 3988 princeps
466 3917 522 3972 iter
534 3933 694 3990 aggressus
704 3915 804 3984 fuerit,
816 3917 932 3989 Strada,
945 3917 1048 3976 relicta
1059 3919 1190 3991 plutiano
1201 3922 1286 3993 urbe,
1297 3923 1326 3978 in
1337 3940 1393 3996 qua
1405 3939 1469 3979 ver-

234 4007 366 4075 sabatur,
390 4005 598 4062 Salmanticam
622 4023 655 4061 se
672 4005 817 4077 conferat,
836 4007 886 4062 ubi
905 4008 1046 4079 magister
1063 4009 1162 4065 Canus
1181 4012 1360 4068 Societatem
1379 4031 1468 4088 oppu-

233 4097 356 4166 gnabat.

288 4187 299 4219 ⁸
336 4183 384 4240 Cf.
400 4183 497 4256 Epist.
512 4184 638 4249 Mixtus,
653 4185 677 4255 Ι,
693 4195 753 4252 557.
