3625 5375
443 422 497 494 556
823 420 1029 478 Mosurrsnrn
1048 420 1227 476 lonsrrsns

404 576 472 647 alio
487 576 531 643 de
546 576 674 643 nostris
690 575 852 642 fratribus
869 576 881 609 ³
898 576 943 642 ad
959 595 1076 663 regern
1093 574 1256 641 Poloniae
1271 573 1284 607 ⁸
1297 596 1318 641 a
1329 595 1464 640 summo
1475 573 1637 670 pontifice

406 691 583 759 mittendis
610 713 744 761 mecum
772 701 903 777 ageret,
933 690 1065 766 litteras
1095 692 1139 758 V.
1173 692 1214 757 E.
1247 712 1425 757 nonsum
1455 698 1639 757 cunctatus

404 806 581 887 exhibere,
598 806 723 893 quibus
739 806 899 875 eumdem
916 820 1125 904 magnopere
1140 805 1255 892 expeti
1277 818 1313 873 et
1333 787 1513 892 perutilem
1534 804 1639 871 isthic

406 925 479 991 fore
500 922 646 1009 intelligi
666 933 815 1009 poterat.
840 922 938 991 Licet
959 934 1073 991 tamen
1095 923 1200 990 dilata
1215 922 1261 994 sit
1280 920 1449 1012 profectio
1471 922 1507 987 in
1534 922 1639 989 Polo·

404 1038 508 1119 niam,
526 1037 671 1124 inpediri
688 1038 827 1105 omnino
849 1060 914 1107 nec
934 1038 1046 1124 potuit
1062 1060 1127 1107 nec
1147 1037 1279 1119 ‹lebuit;
1297 1038 1398 1104 nobis
1419 1036 1635 1124 praesertim,

402 1153 530 1241 quibus
551 1174 710 1223 recusare
729 1154 832 1221 vllam
856 1152 974 1221 vicarii
995 1152 1054 1223 X}
1069 1154 1266 1222 missionem
1284 1175 1346 1239 per
1360 1152 1556 1219 institutum
1572 1152 1636 1220 So

403 1268 538 1337 cietatis
555 1280 691 1337 nostrae
708 1270 846 1337 minime
861 1270 955 1339 lieet.
974 1271 1011 1338 Si
1028 1292 1115 1356 ergo
1127 1281 1185 1336 tan
1204 1268 1273 1335 cito
1288 1290 1392 1354 quam
1408 1267 1636 1335 voluissemus

404 1388 499 1471 Mag.
518 1384 706 1452 Nicholaus
721 1384 836 1452 isthuc
852 1384 941 1452 mitti
957 1406 1026 1452 non
1043 1386 1181 1473 poterit,
1199 1383 1421 1451 tribuendum
1438 1383 1473 1448 id
1490 1382 1555 1451 erit
1572 1403 1632 1448 vo·

404 1500 529 1567 luntati
548 1500 625 1579 Dei,
649 1498 705 1567 cui
726 1499 762 1566 in
783 1522 918 1567 summo
932 1500 1095 1587 pontifice
1110 1500 1342 1569 obediendum
1358 1499 1499 1565 omnino
1515 1509 1581 1579 est,
1599 1509 1635 1565 et

404 1638 473 1684 non
489 1626 639 1704 nostrae,
658 1616 716 1701 qui
733 1614 958 1685 libentissime
978 1615 1036 1702 pio
1051 1608 1281 1683 desiderio'ac
1301 1614 1479 1681 deuotioni
1503 1616 1548 1681 V.
1575 1616 1632 1696 E„

402 1733 495 1817 quod
507 1731 542 1797 in
556 1730 655 1799 nobis
667 1743 731 1813 est,
745 1731 1043 1812 satisfecissemus,
1053 1742 1089 1798 vt
1102 1731 1136 1798 in
1150 1732 1323 1813 omnibus,
1333 1752 1423 1816 quae
1435 1742 1633 1810 occurrent,

355 1911 357 1925 ,
401 1846 515 1916 eidem
531 1846 698 1916 inseruire
713 1847 748 1914 in
764 1847 902 1915 domino
918 1850 1003 1935 Jesu
1018 1848 1085 1915 Χ.ο
1100 1858 1135 1914 et
1150 1848 1311 1915 omnibus
1325 1847 1398 1913 suis
1414 1868 1517 1933 quam
1535 1838 1634 1932 pasa-

292 2018 294 2022 .
405 1960 526 2029 tissimi
543 1984 677 2048 semper
692 1962 832 2031 erimus.

471 2078 592 2146 Valeat
609 2077 803 2147 felicissirne
819 2080 864 2147 V.
883 2080 939 2161 E.,
957 2078 1013 2145 cui
1030 2077 1195 2165 dignetur
1210 2080 1468 2147 fonsbonorum
1481 2076 1634 2145 omnium

403 2194 629 2263 effusissimus
641 2196 715 2261 X.¹¹⁸
725 2198 828 2283 Jesus
844 2194 991 2263 vbertim
1003 2195 1316 2275 sesecommunire,
1330 2206 1368 2261 vt
1381 2216 1449 2261 non
1462 2193 1498 2261 in
1510 2215 1547 2260 se
1560 2203 1634 2259 tan·

405 2322 489 2391 tum,
508 2310 621 2378 sedin
637 2311 782 2377 subditis
798 2309 957 2379 omnibus
973 2311 1127 2379 eiusdem
1143 2310 1301 2399 gloriam,
1320 2312 1486 2378 honorem
1502 2322 1539 2375 et
1559 2310 1632 2375 cul·

406 2436 478 2491 tum
495 2447 629 2513 semper
644 2437 856 2512 promoueat.
876 2428 1003 2494 Amen.

344 2522 347 2532 ¹
368 2578 372 2632 1
472 2544 599 2609 Romae
617 2544 635 2607 8
653 2541 818 2610 Octobris
839 2558 937 2633 1549.

470 2658 600 2726 Eadem
622 2680 729 2725 mann
751 2680 773 2724 a
796 2662 905 2745 tergo.
929 2656 1037 2746 Copia
1061 2659 1105 2728 de
1129 2668 1196 2726 v'rra
1223 2680 1304 2746 para
1328 2658 1566 2727 lamarchesa
1592 2656 1636 2723 de

407 2776 554 2862 Vergas

489 3017 680 3084 ALOlSlO
706 2892 1258 3099 Lteponnnolndetscopo
1283 3015 1550 3085 VERONENSI

807 3141 896 3186 nona
915 3149 933 3202 9
952 3142 1109 3186 ocrosnrs
1131 3143 1200 3201 1549
1220 3132 1239 3186 ¹.

468 3237 512 3294 Ne
525 3239 600 3294 vitio
613 3242 713 3294 vertat
725 3239 805 3310 quod
819 3237 980 3300 Salmeron
992 3255 1008 3294 e
1020 3236 1147 3294 dioecesi
1158 3240 1318 3294 veronensi
1329 3239 1450 3294 eductus
1463 3235 1572 3300 fuerit.

473 3347 505 3423 Α
534 3355 565 3422 la
593 3365 690 3424 corte
717 3355 760 3422 de
788 3354 1097 3441 emperador.-7Al
1123 3353 1242 3440 obispo
1265 3355 1308 3447 de
1332 3331 1483 3432 Verona,
1508 3351 1637 3419 nuncio

405 3471 606 3558 apostolico:
628 3469 793 3540 Primem.
812 3471 891 3556 Que
907 3469 1065 3538 diziendo
1079 3471 1112 3537 el
1128 3469 1247 3557 prior‘
1264 3491 1333 3555 que
1353 3474 1455 3537 venia
1476 3491 1539 3555 por
1558 3473 1632 3544 acb.

408 3608 444 3653 se
461 3589 507 3652 ha
524 3585 679 3652 differido
695 3587 727 3653 el
743 3585 878 3655 scriuir.

472 3701 523 3768 2.⁰
571 3704 651 3786 Que
667 3723 709 3768 en
726 3702 759 3768 lo
776 3723 843 3787 que
860 3711 1021 3770 stuuoen
1037 3701 1174 3768 Verona
1187 3705 1290 3769 Mtro.
1305 3702 1496 3780 Salmeron,
1510 3700 1545 3767 lo
1557 3699 1633 3766 hizo

404 3820 582 3884 conforme
606 3824 626 3882 a
650 3819 683 3882 la
706 3817 872 3884 voluntad
894 3838 964 3901 que
986 3819 1018 3884 la
1041 3818 1232 3903 Compania
1255 3817 1348 3883 tiene
1368 3816 1412 3884 de
1435 3803 1578 3884 seiuirle
1597 3815 1631 3879 in

405 3933 564 4001 Domino.
585 3933 625 3999 El
642 3932 720 3998 salir
742 3934 800 4000 fue
823 3933 998 4003 conforme
1019 3939 1040 3998 a
1059 3933 1092 3998 la
1114 3934 1282 3999 voluntad
1305 3932 1362 3999 del
1377 3933 1482 4020 prior,
1507 3954 1531 4018 y
1554 3953 1632 3998 aora

319 4061 325 4078 ’
404 4050 462 4118 del
474 4071 572 4135 papa,
587 4048 701 4114 dando
718 4070 779 4135 por
796 4059 940 4114 ventura
949 4043 1109 4114 'occasion
1123 4049 1160 4117 S.
1175 4049 1263 4148 Stia.
1278 4069 1344 4115 con
1359 4069 1420 4116 sus
1435 4049 1633 4132 lenesque

459 4218 470 4250 ³
508 4217 565 4271 Hic
578 4225 640 4273 erat
655 4204 824 4290 Alphonsus
837 4216 1000 4273 Salmeron.
1016 4216 1092 4272 Vide
1105 4218 1261 4289 epistolam
1273 4215 1335 4274 813.

460 4307 471 4340 ⁴
508 4305 730 4384 sigismundum
748 4306 787 4366 ll.
874 4381 878 4388 .

460 4468 467 4499 ¹
506 4467 550 4522 Ex
563 4467 665 4523 codice
681 4470 798 4542 Regest.
811 4469 837 4536 I,
849 4467 901 4524 fol.
919 4479 994 4538 190r,
1009 4485 1087 4524 vers.
1101 4467 1196 4539 2732,
1209 4468 1243 4525 P.
1256 4468 1377 4523 Polsnci
1391 4485 1489 4525 manu.

458 4561 469 4592 ²
507 4557 640 4612 Andreas
660 4557 865 4630 Lippornanus,
886 4559 964 4629 prior
981 4557 1106 4613 SSmae.
1129 4556 1293 4630 Trinitatis,
1312 4558 1443 4630 episcopi
1460 4559 1633 4615 veronensis

405 4645 506 4708 frater,
777 4669 780 4676 ’
1079 4695 1083 4702 .
1309 4673 1336 4700 m
1449 4701 1454 4710 ,
