3625 5375
369 420 422 491 664
752 420 962 475 Mouuusurn
981 420 1161 475 lauimus

334 584 433 642 sente
449 572 521 640 vita
537 573 593 639 all’
611 573 708 653 altra,
727 573 817 639 doue
830 573 939 639 molto
954 571 1014 658 piu
1024 571 1288 640 efficacemente
1304 571 1372 638 che
1392 569 1427 634 in
1451 581 1574 653 questa

335 688 506 776 preghara
523 710 583 775 per
599 690 643 757 V.
663 689 701 757 S.
721 689 831 756 Illma.
847 699 882 755 et
898 690 996 756 Rma.
1011 689 1077 754 alla
1093 686 1211 753 diuina
1227 689 1370 766 maesta,
1384 695 1419 751 et
1434 706 1528 753 esser
1539 683 1573 749 io

335 826 396 891 per
413 802 606 871 obedientia
623 826 735 872 messo
751 804 784 870 in
803 826 866 887 suo
882 806 1027 890 luogho,
1052 825 1113 889 per
1132 804 1166 869 la
1186 801 1400 889 Compagnia
1422 800 1457 866 di
1473 802 1571 889 Jesir,

336 920 404 985 che
421 929 511 985 tutta
526 919 544 985 ὲ
560 919 613 985 de'
631 923 755 984 oratori
772 930 807 985 et
823 918 915 985 serui
932 918 966 984 in
985 918 1124 985 Christo
1141 920 1225 1005 Jesir
1248 917 1283 982 di
1300 918 1344 985 V.
1364 917 1402 984 S.
1420 914 1516 980 Rma.
1536 925 1573 982 et

335 1033 576 1121 obligatissimi
592 1057 612 1101 a
629 1035 741 1120 quella
757 1058 818 1121 per
834 1034 930 1102 molti
951 1046 986 1102 et
1006 1032 1159 1100 continui
1181 1032 1353 1114 beneficii,
1372 1031 1417 1098 mi
1436 1032 1572 1117 eparso

335 1150 471 1217 doueua
488 1150 646 1218 aduisare
661 1173 680 1217 a
698 1152 741 1217 V.
761 1152 798 1219 S.
817 1151 940 1230 lllma.,
956 1171 1054 1219 come
1070 1160 1248 1235 apatrone
1260 1158 1378 1215 nostro
1392 1146 1568 1233 precipuo,

336 1268 401 1331 che
416 1267 448 1331 la
465 1286 545 1331 casa
560 1275 678 1332 nostra
693 1266 723 1333 sl
740 1288 801 1351 per
821 1264 959 1333 hauersi
980 1266 1107 1332 lassato
1123 1264 1229 1332 debiti
1251 1265 1284 1331 la
1303 1264 1361 1330 bo.
1380 1285 1448 1334 me.
1465 1262 1500 1329 di
1521 1265 1557 1329 M
1562 1314 1569 1327 .

337 1379 466 1461 Pietr0,
482 1382 511 1445 si
527 1400 589 1465 per
605 1402 698 1448 esser
715 1391 811 1447 tanto
830 1382 935 1467 longo
953 1392 1067 1467 tempo
1079 1380 1115 1446 in
1129 1380 1287 1447 conclaui
1299 1381 1376 1447 VV.
1393 1380 1456 1447 SS.
1472 1379 1570 1445 Rme.

336 1498 403 1564 che
415 1497 448 1562 la
461 1494 698 1582 aggiutauano
711 1498 800 1564 nelle
812 1517 892 1577 cose
906 1497 1097 1582 temporali,
1111 1498 1140 1563 si
1153 1496 1278 1582 perche
1290 1496 1398 1562 siamo
1411 1496 1469 1582 piu
1481 1493 1516 1559 di
1529 1510 1573 1577 50

336 1612 372 1677 in
388 1633 480 1691 casa,
499 1614 564 1677 che
581 1633 649 1678 non
666 1612 848 1679 habbiamo
866 1612 992 1679 intrata
1003 1613 1138 1692 alcuna,
1154 1613 1282 1698 patisce
1295 1613 1401 1678 molto
1412 1610 1571 1697 bisogno.

337 1728 380 1793 Et
396 1729 550 1793 anchora
565 1732 631 1796 che
652 1728 746 1793 molti
764 1728 843 1795 delli
864 1727 1032 1797 sacerdoti
1053 1739 1088 1795 et
1109 1729 1186 1795 altri
1207 1728 1243 1792 di
1263 1749 1343 1794 casa
1363 1727 1398 1793 di
1419 1736 1517 1812 porta
1536 1725 1573 1789 in

337 1855 439 1929 porta
455 1842 662 1909 dimandano
678 1844 896 1925 eleemosina,
914 1866 975 1930 per
991 1844 1023 1909 la
1039 1847 1183 1929 pouerta
1198 1845 1264 1910 che
1285 1842 1574 1910 uniuersalmente

338 1959 367 2024 si
385 1969 482 2024 sente
499 1960 621 2025 adesso
637 1958 672 2024 in
688 1960 809 2038 Roma,
824 1958 847 2025 il
864 1959 1010 2044 bisogno
1027 1959 1159 2044 grande
1175 1982 1244 2025 non
1257 1958 1286 2023 si
1303 1960 1392 2025 leua.
1410 1956 1575 2043 Supplieo

339 2073 566 2141 humilmente
582 2096 602 2139 a
618 2076 660 2141 V.
678 2076 713 2143 S.
729 2076 836 2140 lllma.
854 2096 916 2160 per
932 2085 1027 2161 parte
1043 2073 1078 2139 di
1090 2074 1203 2159 questi
1215 2074 1308 2143 serui
1324 2073 1358 2139 di
1371 2073 1524 2152 Christo,
1538 2084 1575 2137 et

337 2189 373 2255 in
390 2211 467 2255 esso
483 2188 517 2255 di
534 2191 577 2257 V.
599 2190 635 2258 S.
656 2192 768 2270 Rma.,
787 2192 851 2257 che
873 2190 900 2255 si
917 2190 1022 2276 degni
1044 2190 1239 2276 aggiutarci
1261 2210 1325 2255 con
1343 2191 1375 2255 la
1396 2190 1496 2255 solita
1510 2210 1575 2253 sua

338 2304 505 2373 liberalite
524 2327 623 2371 verso
640 2305 674 2370 di
690 2306 748 2371 noi
764 2305 799 2371 in
817 2316 931 2391 tempo
952 2309 1017 2373 che
1038 2304 1316 2390 especialmente
1332 2302 1526 2372 necessario
1549 2304 1573 2368 il

339 2420 535 2504 subuegno.
552 2422 619 2487 Per
634 2421 668 2486 la
683 2424 770 2487 festa
787 2422 820 2486 d’
837 2422 931 2507 Ogni
948 2419 1045 2489 Santi
1059 2423 1103 2487 V.
1123 2422 1160 2489 S.
1176 2422 1274 2486 Rma.
1294 2420 1415 2486 ordino
1428 2419 1458 2485 si
1474 2421 1575 2487 desse

224 2562 227 2567 ·
337 2535 403 2601 alla
419 2536 476 2600 bo,
492 2555 594 2600 mem.
610 2535 643 2600 di
663 2538 709 2602 M.
728 2535 843 2601 Pietro
861 2559 928 2601 vna
943 2535 1162 2615 eleemosina,
1182 2545 1216 2603 et
1234 2557 1304 2601 non
1321 2534 1350 2600 si
1367 2536 1387 2601 ὲ
1402 2533 1516 2600 insino
1531 2536 1575 2599 ad

338 2652 424 2717 hora
437 2650 530 2734 data,
544 2652 715 2736 passando
727 2655 877 2718 anchora
890 2652 913 2717 il
926 2653 1061 2731 Natale,
1072 2653 1161 2718 doue
1173 2673 1232 2719 era
1245 2651 1345 2717 solita
1358 2652 1401 2718 V.
1418 2652 1454 2719 S.
1473 2652 1572 2717 Rma.

339 2767 442 2835 etiam
459 2767 647 2836 subuenire
663 2789 727 2834 con
746 2770 831 2834 altra
849 2769 1055 2836 eleemosina
1071 2770 1103 2834 la
1115 2790 1194 2835 casa
1211 2779 1341 2836 nostra.
1359 2765 1575 2853 Suppliehia-

339 2884 552 2967 modunque
568 2905 588 2948 a
605 2885 649 2950 V.
669 2885 706 2952 S.
725 2885 823 2950 Rma.
842 2884 871 2950 si
887 2883 992 2970 degni
1008 2884 1166 2950 ordinare
1182 2883 1212 2950 ci
1235 2883 1285 2950 sia
1301 2884 1393 2950 data.

406 2999 485 3064 Non
502 2997 590 3064 altro
613 3019 651 3065 se
676 3021 745 3065 non
766 3001 830 3067 che
851 2999 931 3066 tutti
952 3001 1141 3085 preghamo
1162 3011 1197 3068 et
1213 3001 1441 3085 pregharemo
1461 2997 1568 3064 conti·

340 3125 526 3181 nuamente
542 3114 642 3180 aDio
654 3137 713 3200 per
725 3117 772 3182 V.
793 3117 830 3183 S.
849 3118 963 3195 Rma.,
978 3117 1057 3201 qual
1073 3115 1102 3181 si
1118 3115 1223 3202 degni
1240 3134 1446 3182 conseruare
1463 3125 1498 3182 et
1514 3133 1576 3178 ac·

339 3250 496 3298 crescere
520 3229 600 3297 nelli
618 3230 694 3296 suoi
710 3231 894 3298 santissimi
911 3232 992 3299 doni
1011 3243 1046 3300 et
1067 3232 1179 3318 gratie
1199 3230 1368 3317 spirituali
1388 3231 1421 3295 la
1442 3250 1576 3296 summa

316 3345 321 3360 '
340 3345 445 3411 bonta
462 3344 497 3410 di
514 3346 609 3411 lddio
622 3344 761 3432 signore
774 3357 903 3415 nostro.

408 3463 506 3527 Della
523 3482 605 3527 casa
620 3463 710 3528 della
726 3462 942 3550 Compagnia
958 3464 993 3530 di
1004 3466 1088 3553 Jesh
1105 3464 1147 3530 28
1163 3463 1198 3529 di
1214 3466 1367 3553 Jennaro
1388 3478 1483 3546 1550.

408 3579 439 3642 A
457 3582 566 3664 tergo,
587 3578 705 3644 Poliza
720 3579 764 3645 de
781 3581 877 3645 Mtro.
900 3579 1026 3647 Pontio
1041 3582 1067 3645 '.
1087 3581 1124 3645 In
1141 3577 1314 3645 conclaui:
1333 3580 1366 3643 al
1383 3579 1483 3646 Rm0.
1502 3598 1576 3642 car-

340 3691 455 3760 dinale
473 3695 483 3724 ³
502 3694 593 3778 dopo
609 3694 642 3758 la
659 3704 768 3760 morte
784 3693 818 3758 di
837 3696 943 3762 Paolo
960 3697 1016 3775 lll,
1035 3717 1091 3762 an.
1116 3711 1211 3778 1550.

345 3921 466 3994 quidem
482 3923 568 3977 valde
581 3939 688 3994 crassa,
705 3933 737 3978 ut
750 3924 897 3980 indicetur
918 3927 974 3980 hoc
992 3933 1225 3996 monumentum,
1245 3924 1322 3998 quod
1341 3925 1460 3997 quidem
1479 3923 1529 3978 die
1542 3937 1578 3992 29

341 4011 474 4081 Januarii
487 4010 544 4066 fuit
555 4011 665 4081 datum,
676 4013 864 4069 obliteratum
881 4013 983 4070 fuisse.
995 4014 1069 4070 Illud
1087 4015 1210 4070 inferius
1223 4014 1388 4070 minoribus
1402 4015 1579 4069 characteri·

342 4101 442 4156 busin
457 4103 553 4155 lucem
575 4101 690 4156 damus
712 4102 844 4156 Tertium
859 4106 1039 4176 exemplum,
1057 4121 1115 4160 non
1133 4104 1207 4159 adeo
1224 4105 1357 4177 plenum,
1371 4113 1402 4158 et
1417 4105 1474 4158 sub
1486 4101 1577 4158 finem

342 4189 487 4254 mutilum,
503 4191 628 4245 habetur
642 4191 671 4246 in
685 4191 787 4246 codice
802 4194 898 4265 Epist.
917 4194 1044 4248 l’olanci
1056 4213 1091 4248 ex
1108 4212 1228 4259 comm„
1243 4194 1274 4249 in
1293 4193 1445 4265 schedula,
1462 4209 1495 4248 n.
1515 4204 1578 4263 115,

345 4279 424 4350 prius
439 4279 499 4348 118,
512 4279 638 4350 signata.

379 4372 391 4404 ²
429 4369 562 4439 ignatius
577 4368 711 4425 «Patrem
727 4371 864 4427 Pontium
879 4372 1095 4443 Cogordanum,
1108 4373 1159 4445 qui
1173 4375 1292 4428 natione
1309 4374 1406 4444 gallus
1424 4381 1456 4427 et
1477 4371 1579 4442 lingua

346 4475 449 4530 parum
461 4460 602 4531 eloquens
616 4468 689 4527 erat,
704 4469 922 4532 procuratorem
936 4463 1000 4517 loco
1014 4462 1111 4518 Patris
1124 4461 1246 4518 Codaeii
1258 4461 1443 4518 constituit.»
1454 4462 1579 4517 Pothu-

343 4561 418 4615 CUS,
436 4545 561 4612 Chron„
577 4547 677 4614 1,362.

398 4638 409 4668 ³
447 4637 514 4693 Non
526 4636 634 4693 dicitur
647 4639 694 4694 hic
707 4639 823 4695 cuinam
835 4650 993 4713 purpurato
1007 4642 1132 4714 prinpri
1141 4642 1214 4697 haec
1225 4641 1350 4713 epistola
1363 4641 1506 4714 inscripta
1516 4639 1579 4696 fue·
