3625 5375
599 447 702 503 Eersr.
724 447 858 516 581.-22
878 447 1054 502 Franuann
1075 458 1145 516 1549
1398 446 1451 518 345

323 599 367 666 V.
387 577 447 680 As,
466 599 494 666 si
511 600 544 668 el
559 598 606 666 mi
622 597 763 667 escribir
778 598 952 685 paoeeiere
967 598 1064 685 largo
1079 604 1101 664 ό
1120 599 1288 682 atrevid0,
1310 621 1372 686 por
1391 622 1487 667 amor

254 734 278 799 y
299 714 492 783 reverentia
513 717 556 784 de
577 714 661 782 Dios
682 716 726 781 N.
752 715 788 782 S.
815 735 946 782 mesca
960 715 1167 800 perdonado:
1191 735 1259 798 que
1274 737 1318 782 en
1333 714 1488 781 visitare
1583 712 1586 717 ’

256 831 301 897 D.
320 831 434 917 Diego
450 833 493 899 de
510 831 675 899 Acevedo
691 831 717 910 ¹,
735 852 758 915 y
773 829 975 896 haciendole
991 828 1182 897 reverentia
1198 849 1297 896 como
1309 836 1329 896 a
1342 852 1488 916 persona

252 966 323 1030 que
339 953 359 1012 a
375 947 419 1014 V.
439 949 484 1014 A.
504 958 714 1034 representa,
733 969 756 1032 y
773 968 834 1032 por
849 947 881 1012 la
897 967 1016 1032 mayor
1031 944 1197 1013 devocion
1214 967 1283 1031 que
1298 948 1341 1013 de
1356 968 1398 1014 su
1411 969 1487 1033 pre-
1569 964 1573 973 ·

254 1061 372 1130 sencia
388 1084 443 1129 me
459 1063 584 1148 queda,
603 1084 648 1128 no
665 1063 756 1148 pude
773 1083 840 1147 que
856 1073 931 1128 esta
946 1083 992 1126 no
1008 1060 1203 1141 escribiese,
1222 1063 1421 1130 mostrando
1441 1086 1484 1130 en

256 1177 303 1243 mi
319 1179 432 1245 anima
448 1180 481 1244 lo
496 1177 511 1218 ¹³
527 1201 595 1264 que
611 1181 733 1244 dentro
748 1179 791 1244 de
807 1179 874 1244 ella
890 1178 1014 1257 siento,
1032 1200 1054 1262 y
1071 1187 1167 1244 tanto
1183 1180 1287 1246 'deseo
1302 1199 1346 1244 en
1368 1201 1487 1264 mayor

255 1293 400 1361 servicio
416 1318 439 1381 y
455 1295 565 1382 gloria
581 1295 624 1361 de
640 1305 781 1362 nuestro
797 1294 932 1362 criador
947 1317 970 1379 y
985 1303 1100 1380 senor.

321 1411 435 1496 Quian
452 1433 515 1497 por
534 1412 567 1478 la
583 1433 625 1476 su
641 1409 774 1477 infinita
790 1431 812 1496 y
833 1431 931 1478 suma
947 1409 1085 1476 bondad
1104 1409 1251 1496 siempre
1272 1409 1390 1496 quieta
1410 1432 1487 1479 seer

254 1536 426 1611 presente,
445 1528 654 1614 ynfluyendo
667 1535 731 1593 sus
743 1525 876 1593 divinas
889 1525 1019 1612 gratias
1029 1547 1052 1610 y
1064 1526 1171 1592 dones
1183 1525 1389 1610 spirituales,
1405 1549 1486 1613 para

254 1663 299 1724 en
316 1643 397 1708 todo
414 1643 525 1728 guiar,
544 1665 728 1710 conserver
745 1665 767 1728 y
783 1653 963 1710 aumentar
978 1648 998 1707 a
1015 1643 1058 1708 V.
1080 1643 1124 1708 A.
1140 1664 1183 1708 en
1199 1662 1242 1707 su
1254 1663 1372 1726 mayor
1387 1663 1410 1727 y
1425 1643 1485 1710 de·

254 1757 335 1824 bido
351 1757 495 1824 servicio
511 1781 533 1844 y
550 1759 723 1824 alabanza.

323 1877 376 1940 De
392 1876 501 1946 Roma
516 1874 592 1941 diez
609 1897 631 1959 y
653 1875 743 1940 ocho
763 1874 806 1942 de
827 1873 984 1940 Hebrero
1007 1873 1051 1938 de
1071 1883 1084 1913 ⁰
1104 1871 1163 1938 mil
1184 1870 1381 1978 quinientos
1401 1895 1489 1958 qua-

256 2001 353 2056 renta
369 2011 391 2073 y
409 2009 535 2056 nueve.

321 2108 374 2173 De
392 2107 434 2172 V.
455 2108 499 2171 A.
519 2103 710 2170 humillimo
725 2126 747 2188 y
764 2115 932 2189 perpetuo
948 2103 1060 2170 siervo
1082 2125 1125 2171 en
1146 2103 1178 2170 el
1199 2105 1310 2172 Senor
1329 2117 1484 2186 nuestro,

1141 2220 1303 2287 [anama.

329 2337 524 2421 Inscriptio,
574 2337 608 2402 A
625 2335 661 2403 S.
683 2337 726 2403 A.
746 2335 778 2401 el
796 2333 948 2420 principe
963 2333 990 2400 d.

835 2489 898 2570 581

404 2621 672 2689 ΜΑΤΤΗΑΕΟ
695 2614 992 2689 SEBASTIANO
1015 2622 1076 2687 DE
1098 2621 1336 2689 MORRANO

646 2765 733 2807 nona
752 2766 786 2807 22
799 2765 970 2807 rannonnn
986 2765 1054 2821 1540
1067 2753 1088 2809 ¹.

212 2932 215 2937 ἱ
254 2868 387 2924 Connier
400 2874 428 2924 et
442 2874 642 2940 peramanter
661 2874 752 2941 negat
766 2874 851 2939 posse
870 2868 1048 2923 Societatem
1063 2869 1320 2941 gubernationem
1336 2870 1485 2943 suscipere

470 2957 753 3013 sanctimonialium
768 2958 848 3013 Stae.
866 2956 978 3014 Clarae
990 2958 1267 3015 barcinonensium.

814 3070 891 3215 Jiis
911 3138 925 3165 ²

320 3260 368 3327 Mi
385 3268 487 3327 senor
502 3282 545 3325 en
564 3260 594 3326 el
611 3260 722 3327 Senot
739 3271 891 3326 nuestr0.

321 3376 369 3441 La
386 3397 520 3441 summa
537 3375 654 3460 gracia
670 3397 692 3459 y
710 3397 804 3441 amor
821 3386 940 3443 eterno
957 3377 999 3441 de
1017 3376 1082 3441 Χ.Ο
1095 3378 1140 3441 N.
1159 3378 1197 3444 S.
1216 3382 1237 3441 a
1253 3375 1266 3415 ¹³
1282 3378 1327 3445 V.
1346 3378 1414 3442 md.
1430 3398 1486 3442 sa-

239 3470 331 3557 ’lude
348 3514 369 3575 y
386 3490 485 3556 visite
502 3512 567 3556 con
585 3512 644 3555 sus
661 3491 856 3556 santisimos
872 3493 979 3557 dones
995 3514 1017 3576 y
1034 3491 1169 3577 gracias
1189 3492 1394 3577 spirituales.

251 3614 449 3625 utu—a·—

305 3660 318 3702 b
357 3660 445 3714 Deest
459 3659 492 3714 in
507 3658 598 3713 nait.»
636 3674 685 3703 ..c
708 3660 795 3714 Deest
809 3661 841 3714 in
856 3660 949 3714 nait.»
987 3662 1036 3702 -d
1057 3660 1221 3733 Inscriptio
1234 3662 1268 3715 in
1280 3662 1391 3716 altero:
1406 3662 1487 3725 ihus.

252 3747 279 3801 A
293 3748 332 3802 mi
346 3753 433 3802 senor
452 3764 489 3802 en
508 3749 535 3803 el
550 3746 646 3801 Senot
659 3756 781 3802 nuestro
795 3748 822 3803 el
837 3748 1003 3819 [prin]cipe.

303 3925 317 3955 ³
354 3912 369 3963 t
398 3909 496 3966 Viteii.
536 3912 585 3954 -b
607 3910 697 3965 Deest
710 3912 743 3963 in
758 3910 882 3963 «Rana»
893 3914 922 3964 et
935 3910 1075 3965 «Parni

253 4014 452 4024 n—.-

304 4064 315 4095 ²
354 4063 483 4131 Jacobus
497 4060 667 4132 Azevedus,
684 4060 813 4133 Philippi
827 4062 855 4115 11
869 4076 1058 4132 oeconomus,
1073 4064 1111 4117 ab
1125 4062 1189 4133 ipso
1203 4064 1345 4136 principe,
1365 4082 1431 4119 cum
1451 4064 1487 4119 ad

250 4159 363 4222 patrem
375 4150 513 4207 Carolum
527 4152 554 4205 V
568 4154 723 4207 Bruxeilas
736 4168 773 4206 ex
788 4150 931 4223 Hispania
945 4150 1050 4219 adiret,
1064 4153 1181 4222 legatus
1195 4153 1326 4224 pontifici
1340 4154 1431 4208 Paulo
1444 4154 1487 4208 111

249 4234 371 4295 Romam
387 4240 494 4295 missus
508 4249 564 4297 est.
579 4241 782 4310 Supervenit,
801 4240 844 4295 De
859 4241 947 4295 rebus
956 4242 1052 4313 gestis
1067 4240 1174 4296 Caroli
1189 4242 1221 4312 V,
1237 4242 1485 4314 tib.xxv1,n.19.

304 4401 312 4433 ¹
350 4402 395 4456 Ex
407 4401 584 4457 adversariis
603 4400 792 4473 autographis
810 4401 844 4455 P.
863 4401 994 4468 Polanci,
1013 4401 1043 4456 in
1061 4400 1164 4456 codiee
1186 4402 1284 4474 Epist.
1306 4403 1436 4459 Polanci
1452 4422 1487 4457 ex

249 4506 374 4553 comm.,
393 4502 403 4543 1
419 4488 482 4560 fol„
496 4506 525 4549 n.
543 4488 603 4557 103,
625 4491 706 4561 prius
722 4503 784 4557 104.
799 4490 920 4545 Habent
937 4490 1105 4562 apographa
1122 4489 1209 4560 hujus
1227 4491 1370 4563 epistolae
1388 4510 1487 4549 exem·

250 4578 306 4649 pla:
336 4576 408 4632 Cod.
442 4578 554 4643 Vina„
582 4596 611 4633 n.
641 4590 702 4649 142,
726 4580 806 4650 prius
829 4579 873 4647 96:
903 4578 977 4634 Cod.
999 4580 1086 4635 Rom.
1105 4580 1132 4648 I,
1150 4599 1179 4638 n.
1202 4582 1300 4652 XCV,
1320 4583 1401 4653 prius
1423 4584 1486 4652 5633

251 4664 314 4721 Cori
320 4706 327 4721 .
345 4668 462 4737 Poris.¹
480 4685 511 4725 n.
529 4667 701 4735 2⁶‚f01.28;
719 4666 791 4723 Cod.
812 4668 974 4739 Talabric.,
991 4666 1030 4726 1.¹
1043 4667 1178 4740 epistola.
1193 4669 1251 4725 Hic
1267 4670 1362 4726 codex
1380 4670 1417 4725 ad
1429 4674 1487 4727 cal·
1552 4699 1555 4707 ·
