3625 5375
627 485 730 547 Errsr.
749 486 887 547 uzu-28
906 487 1022 545 Mirm
1043 499 1112 558 1549
1394 488 1448 555 ³69

189 639 191 646 ’
252 639 433 726 gratiores
450 661 552 724 quam
569 661 658 724 quae
674 661 694 708 a
710 638 840 726 Spiritu
857 653 977 707 sancto
994 641 1038 706 ad
1053 652 1173 709 mutua
1194 640 1386 733 9rati0num
1408 645 1481 708 sul-

252 755 362 842 fragia
376 754 539 823 cordibus
554 755 800 836 inscribuntur,
819 759 923 823 hasce
940 771 1052 823 tamen
1069 757 1112 824 ad
1129 757 1173 824 V.
1191 759 1233 824 R.
1251 758 1375 826 breues
1390 757 1481 824 litte-

251 894 317 952 raS,
335 892 414 938 cum
432 872 536 939 nater
551 883 668 939 noster
683 875 778 962 Mag.
798 872 974 939 Adrianus
989 895 1031 940 eo
1047 895 1085 941 se
1105 873 1262 942 conferat
1279 871 1303 953 ²,
1327 873 1480 940 scriben-

249 988 311 1054 das
326 987 424 1068 duxi,
442 987 568 1073 quibus
585 999 619 1058 et
640 989 748 1058 nostri
770 986 970 1055 memorialn
991 990 1082 1074 apud
1104 991 1146 1058 V.
1169 991 1210 1056 R.
1238 977 1420 1068 renouare,
1445 1001 1480 1055 et

249 1103 423 1172 orationes
438 1115 557 1172 sancte
573 1104 853 1191 congregationis
869 1080 983 1172 vestre
995 1105 1132 1192 (quibus
1147 1105 1294 1170 multum
1306 1103 1341 1170 in
1358 1105 1478 1173 eodem

249 1219 397 1286 Domino
417 1219 633 1306 confidimus)
650 1219 872 1306 prominima
892 1222 958 1286 hac
978 1232 1107 1300 nostra,
1131 1241 1194 1286 nec
1215 1219 1329 1286 minus
1350 1202 1476 1301 uestra,
1496 1236 1505 1246 ’

169 1417 172 1426 .
248 1333 420 1404 Societate
435 1357 495 1422 per
511 1337 671 1402 eumdem
682 1339 802 1424 Jesum
819 1337 905 1404 X.¹¹¹¹²
920 1335 1150 1421 impetrarem.

315 1451 476 1518 Preterea
497 1469 536 1517 12
552 1471 662 1537 grana
678 1451 870 1530 benedicta,
889 1450 1045 1517 maximis
1060 1473 1081 1518 a
1097 1447 1153 1519 Χ.ἱ
1170 1449 1297 1516 vicario
1313 1471 1477 1536 preroga—

249 1565 329 1634 tiuis
342 1566 530 1649 gratiarum
547 1577 682 1644 ornata,
700 1577 800 1652 prout
815 1567 909 1652 Mag.
925 1565 1101 1634 Adrianus
1116 1566 1281 1633 edisseret
1293 1567 1394 1651 (quae
1406 1586 1476 1630 non

246 1681 367 1748 dubito
384 1681 472 1748 inter
488 1667 731 1760 deuotissimos
747 1692 880 1749 vestros
897 1682 1019 1748 fratres
1034 1682 1078 1747 ad
1100 1702 1265 1767 magnum
1285 1679 1475 1746 animarum

248 1795 413 1865 auxilium
430 1795 685 1884 dispensanda),
703 1799 747 1864 ad
764 1798 809 1866 V.
828 1799 870 1863 R.
890 1795 1095 1897 transmitto.

314 1912 414 1980 Mitto
439 1911 541 1980 etiam
564 1913 724 1980 volumen
748 1933 933 1980 excussum
958 1910 1206 1979 Exercitiorum
1231 1909 1472 1997 spiritualium,

246 2029 342 2114 quod
357 2040 496 2116 gratum
514 2030 588 2098 V.¹e
606 2003 679 2094 ΗΡ.
694 2030 768 2095 fore
784 2049 847 2114 pro
864 2026 1055 2113 charita[te]
1077 2037 1112 2092 et
1133 2026 1316 2094 deuotione
1336 2047 1411 2103 sua,
1433 2025 1473 2090 li-

188 2125 200 2133 *
246 2155 302 2213 cet
318 2143 483 2231 exiguum
501 2144 545 2211 sit
562 2165 700 2223 munus,
718 2143 808 2212 idem
827 2145 921 2229 Mag.
941 2143 1117 2210 Adrianus
1136 2143 1323 2211 asserebat.

292 2261 447 2340 Cetera,
478 2281 567 2346 quae
593 2260 637 2328 de
665 2272 783 2326 nostra
809 2258 985 2328 Societate
1011 2257 1099 2325 scire
1128 2258 1282 2325 fortassis
1309 2258 1472 2343 placeret,

139 2411 143 2417 ·
244 2375 333 2442 idem
350 2378 477 2446 referre
494 2375 619 2463 poterit
635 2373 824 2442 diffussius

311 2492 376 2558 His
391 2490 407 2562 ¹³.
422 2493 465 2558 V.
485 2494 527 2558 R.
546 2493 659 2559 valeat
674 2490 710 2555 in
724 2489 795 2558 ·X.⁰
807 2494 904 2579 Jesu‚
924 2490 981 2575 qui
999 2511 1061 2576 pro
1081 2509 1143 2555 sua
1164 2487 1299 2554 infinita
1321 2501 1355 2556 et
1376 2509 1473 2554 suma

242 2607 395 2674 bonitate
418 2608 578 2674 omnibus
602 2606 776 2693 copiosam
797 2605 943 2695 gratiam
965 2606 1007 2671 ad
1033 2605 1247 2672 sentiendam
1273 2614 1308 2669 et
1329 2603 1473 2690 implen·
1532 2629 1535 2633 ¹

241 2722 318 2790 dam
347 2725 627 2811 beneplacentem
658 2734 693 2791 et
723 2723 911 2809 perfectam
943 2696 1040 2788 suam
1069 2720 1279 2786 voluntatem
1307 2718 1473 2805 dignetur
1556 2784 1560 2790 ,

242 2840 409 2907 conferre.
429 2842 554 2907 Amen.

308 2956 415 3024 Rome
430 2954 550 3040 quinto
566 2967 579 2996 ⁶
595 2956 727 3021 calend.
747 2954 884 3041 Apriles
904 2968 989 3040 1549
1004 2951 1030 3021 ἀ.

308 3068 466 3158 [Vestrae
482 3068 702 3138 Paterni'tatis
719 3068 932 3135 humillimus
947 3089 1069 3163 seruus
1085 3068 1119 3135 in
1137 3065 1298 3146 Domin0,

498 3270 500 3273 .
1055 3180 1294 3271 lanarius]e
1336 3166 1341 3173 ’
1445 3195 1455 3212 “

307 3304 337 3369 A
366 3309 477 3390 tergo.
508 3302 707 3389 Propriori
735 3300 929 3367 carthusiae
952 3309 1113 3385 exparte
1139 3299 1178 3363 P.
1202 3296 1337 3381 ignatii.
1362 3296 1404 3362 28
1428 3295 1472 3361 de

242 3419 358 3485 Marzo
378 3434 475 3505 1549.

274 3589 290 3629 b
326 3586 416 3642 Hisce
428 3586 519 3643 alter.
560 3602 606 3630 -ο
627 3600 659 3641 10
671 3586 762 3641 alter.
801 3588 850 3628 -d
872 3584 906 3639 ln
921 3586 1031 3640 altero:
1042 3582 1080 3641 N.
1092 3582 1125 3639 B.
1138 3582 1220 3635 Haec
1231 3580 1472 3651 exchirographo
1502 3624 1507 3633 .

237 3676 388 3731 secretarii
401 3676 442 3747 [et
457 3675 585 3731 additur
601 3676 691 3748 infra
710 3677 763 3731 lroc
782 3675 916 3731 verbum:
936 3675 1067 3745 Joannes
1085 3670 1218 3749 Polanci]
1237 3670 1397 3733 societatis
1414 3669 1470 3723 Ro·

238 3781 313 3837 mae3
327 3774 358 3820 et
370 3764 548 3837 subscriptio
561 3764 746 3837 chirographi
760 3763 792 3819 S.
814 3764 845 3818 Ρ.
861 3762 980 3833 Ignatii.
1028 3796 1031 3800 ,
1054 3778 1067 3805 e
1087 3761 1176 3828 Quae
1190 3757 1309 3813 uncinis
1326 3758 1472 3812 claudun·

141 3864 145 3869 '
237 3859 300 3917 tur,
314 3872 349 3909 ex
362 3855 462 3911 altero
474 3854 607 3927 exemplo
620 3857 777 3925 desumpta
791 3856 873 3921 sunt,
884 3854 986 3923 inquo
998 3852 1092 3907 etiam
1102 3848 1322 3919 haersequitur
1332 3848 1471 3918 animad-

238 3944 346 3999 versio:
357 3943 493 4017 Sigillum
506 3952 625 3999 nonest
642 3942 786 4009 additum,
807 3959 902 4013 neque
916 3939 1104 4011 inscriptio...
1117 3937 1217 3992 Nostri
1232 3936 1334 3991 Patres
1344 3935 1471 4005 Collegii

239 4031 504 4088 Hilderbeimensis
521 4040 701 4111 acceperunt
717 4033 793 4086 banc
810 4031 1008 4103 syngrapham
1021 4045 1038 4083 a
1050 4026 1257 4083 carthusianis.
1270 4026 1315 4079 lta
1326 4025 1358 4079 P.
1374 4024 1471 4079 Gode·

237 4120 305 4175 frid.
320 4122 411 4177 Vlner
424 4122 492 4177 inde
506 4122 615 4177 Noster
628 4121 693 4193 [sic]
707 4120 744 4175 ad
762 4138 809 4175 me
822 4132 856 4188 27
872 4118 984 4190 Aprilis
999 4117 1078 4186 1658.

243 4220 450 4231 nno-—

290 4268 301 4299 ²
341 4266 448 4319 .'..«hoc
460 4264 524 4337 ipso
538 4280 614 4319 anno
628 4264 651 4317 P
676 4244 826 4317 'Adrianus
840 4260 974 4330 Adriani,
988 4260 1037 4332 qui
1051 4259 1173 4313 Romam
1187 4274 1264 4313 anno
1277 4256 1411 4328 proximo
1421 4272 1472 4309 ve-

236 4362 330 4421 nerat,
345 4370 412 4407 curn
426 4344 506 4407 socio
519 4352 682 4407 Lovanium
696 4352 849 4419 remissus,
864 4348 990 4420 Collegii
1009 4348 1102 4403 nostri
1115 4364 1215 4403 curam
1234 4344 1392 4416 suscepit».
1413 4344 1471 4399 Ρο-
1486 4357 1493 4374 ‘

234 4454 372 4513 LANCUS,
387 4440 511 4503 Chroh..
525 4442 550 4510 l,
564 4441 628 4510 416.
647 4441 750 4497 Plures
769 4439 943 4508 Adrianum,
957 4456 995 4492 er
1008 4438 1091 4493 Urbe
1108 4434 1320 4505 discedentem,
1335 4432 1469 4488 comitati

235 4538 303 4587 sunt
316 4529 470 4585 Patavium
484 4538 514 4585 et
527 4530 654 4585 Parisios
667 4529 784 4597 iratres;
799 4528 915 4582 Patavii
932 4537 1032 4581 autem
1050 4525 1147 4581 eidem
1166 4533 1213 4579 est
1231 4523 1388 4595 adjunctus
1409 4522 1469 4576 An·

233 4618 320 4674 dress
338 4618 489 4687 sidereus,
503 4618 554 4692 qui
566 4627 634 4690 post
648 4618 769 4673 Adriani
784 4634 821 4671 ex
835 4620 917 4674 Urbe
933 4616 1098 4671 discessum
1118 4615 1149 4669 in
1167 4613 1300 4695 patriam.
1320 4609 1451 4669 valetudi

234 4707 280 4763 uis
293 4724 394 4779 causa,
409 4708 591 4767 mittebatur.

370 4804 470 4850 Morou.
487 4804 702 4857 rasin-Emi..
717 4816 777 4849 rou.
794 4804 827 4848 ll.
1308 4799 1335 4841 24
