3625 5375
368 463 421 535 384
563 513 567 522 .
745 469 954 526 Mouuusurs
974 468 1152 525 lauimus

401 618 452 686 2.⁰
499 621 551 688 En
572 631 663 703 otra,
686 621 858 690 scriuirles
878 627 977 690 como
996 622 1102 709 luego
1122 643 1191 708 que
1210 623 1254 689 N.
1280 613 1319 689 P.
1350 623 1407 690 vid
1433 624 1467 690 la
1492 645 1562 692 me-

333 735 440 803 moria
458 738 501 804 de
518 737 652 823 gracias
668 759 736 823 que
756 737 847 824 pidia
867 737 933 806 D.⁸
953 741 1090 806 Leonor
1110 739 1136 820 ³,
1157 738 1240 805 dixo
1261 759 1340 824 que,
1362 739 1563 806 hallandose

333 873 376 919 en
393 852 425 918 el
440 871 545 938 cargo
561 854 617 919 del
633 875 733 940 papa,
752 876 798 920 no
814 859 925 921 osaria
947 854 1117 923 concedet
1133 855 1219 923 tales
1235 873 1345 937 cosas;
1364 877 1461 940 pero,
1482 875 1562 940 pre·

333 965 476 1034 firiendo
491 970 523 1034 ei
534 967 643 1053 juicio
658 970 700 1036 de
716 969 923 1055 superioreS,
941 969 986 1035 de
1005 989 1047 1035 su
1064 982 1161 1055 parte
1177 969 1255 1036 hizo
1276 970 1309 1038 el
1324 969 1451 1051 officio,
1474 992 1498 1056 y
1517 971 1564 1038 ha

333 1092 447 1150 tantas
463 1105 565 1152 vezes
579 1085 648 1170 ydo
664 1107 687 1170 y
702 1084 825 1152 venido
841 1091 861 1150 a
878 1085 916 1153 S.
936 1086 1062 1166 Pedro,
1084 1107 1108 1171 y
1123 1090 1144 1152 a
1159 1086 1278 1152 hablar
1293 1107 1340 1150 vn
1360 1087 1521 1154 cardenal
1540 1107 1563 1171 y

333 1208 421 1279 otr0,
439 1219 518 1283 que,
537 1198 656 1281 ciert0,
674 1203 718 1266 ha
735 1201 942 1286 empeorado
956 1222 999 1266 en
1016 1222 1058 1266 su
1076 1201 1187 1280 salud,
1204 1222 1362 1288 ypareze
1373 1221 1442 1284 que
1453 1223 1548 1286 sepo
1577 1242 1588 1276 Ι

332 1315 406 1379 dria
421 1335 545 1400 pensar
560 1316 604 1383 de
625 1316 771 1401 algunos
788 1317 897 1404 (como
918 1315 951 1384 le
971 1316 1053 1382 dixo
1074 1339 1126 1383 vn·
1143 1315 1315 1403 cardenai)
1338 1337 1406 1400 que
1430 1327 1563 1383 trataua

333 1439 392 1496 tan
407 1431 450 1496 de
469 1451 567 1499 ueras
584 1442 657 1499 esta
673 1453 754 1498 cosa
770 1452 831 1518 por
847 1443 945 1499 tener
960 1431 1096 1499 afficion
1113 1433 1191 1518 (que
1207 1454 1251 1519 ya
1266 1433 1372 1498 saben
1388 1452 1430 1499 su
1443 1431 1564 1498 condi·
1626 1489 1637 1518 ,

333 1545 403 1612 tion
421 1547 536 1614 deser
556 1546 692 1613 intenso
707 1569 750 1614 θη
772 1548 805 1614 10
826 1569 894 1632 que
913 1549 1024 1632 trata).
1048 1550 1080 1616 Y
1101 1569 1167 1614 con
1187 1549 1314 1616 effecto
1333 1568 1372 1614 es
1392 1558 1562 1616 menester

331 1682 400 1746 que
415 1662 482 1728 alla
497 1660 618 1744 miren,
638 1663 775 1747 quando
791 1663 823 1731 la
841 1665 917 1732 Sra.
936 1663 1001 1729 D.⁸
1014 1665 1150 1732 Leonor
1164 1662 1244 1749 pide
1259 1664 1340 1750 algo
1352 1665 1396 1729 de
1407 1667 1481 1743 aea,
1495 1685 1563 1750 que

332 1797 416 1843 sean
431 1797 530 1844 cosas
541 1776 768 1861 justificadas;
787 1799 920 1865 porque
935 1789 1127 1845 otramente
1144 1801 1188 1844 no
1204 1779 1278 1845 esta
1298 1777 1378 1846 bien
1395 1785 1416 1844 a
1436 1780 1480 1845 Ν.
1505 1779 1560 1858 Ρ.,

332 1891 368 1957 ηἰ
384 1892 417 1957 la
434 1892 624 1978 Compedia
645 1913 736 1980 gana
752 1894 865 1961 buena
885 1893 1080 1980 reputation
1095 1916 1140 1962 θη
1162 1894 1257 1980 pedir
1278 1916 1301 1979 y
1322 1915 1486 1981 procurat
1507 1863 1562 1970 sb

334 2007 499 2094 mejantes
517 2029 627 2076 cosas.
646 2011 677 2074 Y
693 2020 768 2076 esto
784 2010 827 2078 de
844 2008 890 2075 mi
909 2020 1017 2095 parte,
1036 2032 1058 2094 y
1076 2031 1143 2095 que
1159 2009 1332 2101 rasg[u}en
1349 2011 1381 2075 la
1398 2021 1503 2076 carta.

911 2170 990 2251 645

434 2301 573 2368 PATRI
597 2252 882 2370 HIERONYMO
906 2303 1201 2370 DOMENECCO
1226 2300 1289 2369 EX
1312 2302 1464 2370 COMM.

754 2449 842 2492 nous
857 2435 891 2491 13
902 2448 1027 2492 aestus
1040 2449 1109 2506 1549
1121 2437 1142 2495 ¹.

333 2549 378 2606 De
400 2551 532 2620 quodam
552 2552 684 2633 boariae,
702 2569 789 2622 quem
813 2553 1012 2608 Domeraeccus
1028 2554 1270 2617 commendarat,
1287 2553 1430 2607 simulate
1444 2555 1562 2623 agente.

910 2690 985 2775 Jhs.

400 2822 591 2889 Charisimo
607 2820 719 2889 Padre
735 2828 803 2889 mio
818 2845 861 2890 θη
871 2825 957 2911 Jesu
974 2822 1039 2891 X.⁰

401 2934 471 3003 Por
488 2950 581 3004 otras
596 2938 691 3005 aviso
707 2938 751 3007 de
766 2940 800 3005 lo
815 2960 883 3025 que
899 2960 938 3005 se
953 2940 1068 3005 otreze
1083 2940 1127 3005 de
1142 2944 1203 3005 aea
1225 2959 1292 3023 que
1312 2935 1464 3006 ascribit.
1482 2935 1564 3004 Esta

333 3059 409 3119 sera
425 3054 498 3120 solo
510 3055 611 3121 sobre
623 3055 757 3139 aquella
769 3076 930 3141 persona,
944 3076 1011 3139 que
1023 3057 1067 3122 V.
1084 3053 1125 3119 R.
1144 3076 1208 3139 por
1220 3075 1261 3119 su
1273 3065 1368 3121 carta
1379 3074 1563 3121 encomen·

334 3170 378 3235 do
394 3173 415 3234 a
431 3166 479 3233 N.·
500 3166 540 3233 Ρ.
559 3192 642 3255 para
657 3191 726 3254 que
741 3192 785 3235 en
801 3171 835 3235 lo
854 3182 923 3255 que
951 3192 989 3236 se
1012 3170 1155 3255 pudiese
1170 3172 1202 3236 le
1222 3172 1374 3255 ayudase
1390 3190 1457 3234 con
1478 3189 1563 3234 con·

334 3284 407 3369 sajo
422 3306 444 3368 y
462 3286 570 3364 fauor,
589 3296 656 3351 etc.
675 3286 706 3351 Y
722 3306 859 3371 aunque
872 3306 910 3353 es
924 3286 1049 3352 verdad
1061 3306 1129 3370 que
1140 3306 1209 3350 vna
1221 3284 1358 3370 palabra
1370 3284 1414 3349 de
1425 3284 1458 3349 la
1470 3293 1563 3351 carta

333 3460 420 3507 xatus
434 3461 464 3507 et
478 3452 635 3509 admodum
646 3452 754 3510 debilis
771 3452 914 3519 redditus,
930 3452 967 3507 ad
980 3452 1093 3525 aliquot
1104 3452 1169 3508 dies
1182 3452 1280 3507 denuo
1293 3451 1444 3507 abstinere
1461 3468 1478 3506 a
1496 3410 1563 3506 cona

334 3540 478 3597 cionando
493 3541 630 3598 debuit».
647 3542 830 3612 POLANCUS,
847 3540 971 3606 Chron„
985 3541 1010 3612 1,
1024 3540 1087 3611 377.

364 3641 366 3649 ’
388 3632 399 3663 ³
436 3630 581 3687 Eleonora
593 3630 631 3686 de
643 3629 763 3699 Osorio,
776 3630 896 3687 Siciliae
910 3631 1076 3703 proregina.

350 3836 355 3845 ·
388 3801 396 3833 ¹
435 3801 479 3855 Ex
493 3800 668 3856 adversariis
681 3800 869 3873 autographis
888 3800 925 3856 P.
947 3784 1078 3868 Polanci,
1096 3799 1125 3855 in
1143 3799 1245 3855 codice
1265 3800 1363 3872 Epist.
1384 3800 1513 3855 Polanci
1528 3816 1564 3854 ex

334 3906 453 3953 comm„
468 3890 555 3945 unico
573 3890 655 3960 solio,
668 3908 698 3945 n.
719 3907 746 3961 9,
766 3890 846 3963 prius
867 3886 914 3945 13.
931 3889 1035 3944 Exstat
1052 3888 1261 3944 brevissimum
1277 3889 1357 3944 iilius
1373 3886 1564 3944 summarium

336 3979 366 4032 in
380 3978 499 4051 Regsst.
515 3980 538 4046 I,
555 3979 605 4035 fol.
622 3980 655 4033 18
658 3996 705 4049 3v,
720 3996 798 4035 vers.
813 3980 848 4049 39
861 3988 892 4034 et
909 3995 956 4048 40.
971 3979 1037 4034 Non
1057 3978 1164 4034 dicitur
1182 3978 1213 4034 in
1226 3987 1288 4033 tota
1307 3978 1432 4051 epistota
1447 3976 1564 4033 cuinam

335 4066 490 4135 scribatur;
505 4077 536 4123 at
548 4086 586 4122 ex
599 4070 769 4139 summario,
779 4066 859 4141 quod
873 4068 1017 4140 epistolae
1030 4066 1215 4139 subjicimus,
1229 4076 1307 4123 etex
1317 4068 1478 4135 mentione,
1487 4082 1565 4139 quae

335 4156 365 4212 in
377 4155 480 4213 eadem
493 4156 526 4211 fit
540 4157 579 4212 de
593 4158 692 4230 pueris
706 4157 919 4229 siciliensibus,
932 4166 1015 4229 patet
1027 4174 1091 4212 eam
1105 4156 1142 4212 ad
1160 4158 1381 4212 Domeneccum
1397 4156 1474 4211 dari.
1498 4156 1565 4210 Ete-

335 4246 395 4301 nim
409 4241 599 4301 summarium
613 4264 680 4318 pars
703 4255 749 4301 est
772 4246 859 4302 tertia
877 4246 1038 4319 superioris
1056 4246 1211 4319 epistolae,
1225 4264 1348 4301 numero
1365 4245 1407 4301 3.⁰
1419 4245 1563 4317 signatae,

334 4352 410 4408 quae
423 4335 487 4390 sine
505 4336 597 4391 dubio
613 4338 804 4392 Domenecco
822 4335 1002 4393 inscribitur.
1023 4336 1106 4392 iliam
1130 4352 1201 4391 vero
1219 4345 1332 4408 partem
1351 4336 1388 4391 ad
1408 4337 1483 4390 hanc
1504 4334 1565 4407 epi·

335 4426 440 4489 stolam
454 4424 556 4480 referri
569 4425 738 4497 conjectura
753 4424 948 4503 assequimur,
963 4442 1041 4496 narn,
1056 4426 1172 4481 etiamsi
1186 4426 1217 4481 in
1234 4424 1358 4497 epistola
1375 4442 1433 4479 non
1451 4424 1566 4480 dicatur

333 4516 421 4569 homo
435 4512 485 4569 ille
494 4514 672 4586 capuceinus
685 4524 737 4569 aut
750 4513 787 4569 ad
800 4515 978 4587 capuccinos
992 4516 1070 4570 velle
1084 4516 1221 4586 migrare,
1235 4525 1336 4587 aperte
1354 4522 1454 4570 tamen
1471 4513 1565 4570 decia·

334 4610 415 4658 ratur
437 4602 519 4658 illurn
542 4612 572 4658 et
595 4603 778 4659 sacerdotem
802 4622 880 4675 esse,
904 4612 937 4659 et
959 4606 1134 4660 monachum
1157 4603 1319 4660 exstitisse.
1343 4603 1502 4660 Caeterum
1527 4619 1565 4658 ex

335 4690 439 4747 eodem
454 4691 614 4747 summario
626 4692 715 4765 diem,
731 4710 789 4766 quo
802 4695 875 4749 haec
889 4694 1014 4766 episto!a
1026 4695 1094 4749 data
1107 4704 1162 4766 est,
1178 4695 1397 4763 cognoscimus.
