3625 5375
579 442 683 499 Emer.
702 440 839 497 311.-1t
859 442 987 500 Aemus
1010 441 1076 511 ¹548
1371 440 1406 497 83

204 590 256 661 V.
278 594 321 659 R.
338 594 387 679 gli
407 593 465 659 dia
484 594 579 661 buon
605 593 731 672 anim0,
749 592 923 660 confidete
949 594 992 661 de
1019 594 1052 660 la
1072 591 1189 659 diuina
1208 594 1437 680 prouidentia,

204 710 281 774 che
296 730 357 795 per
373 730 469 778 mezo
489 710 545 779 del
570 708 748 795 superiore
767 729 831 775 suo
852 730 958 777 suave
984 720 1018 776 et
1042 709 1387 779 convenientemente
1409 713 1442 779 lo

201 828 421 909 gouernara.
436 828 489 893 De
505 828 625 893 Roma.

284 1059 336 1124 En
351 1070 426 1127 otra
442 1080 479 1125 se
499 1059 531 1127 le
554 1057 687 1128 escriue
715 1058 747 1124 la
774 1057 939 1124 voluntad
963 1078 1029 1142 que
1046 1056 1090 1124 N.
1118 1060 1157 1123 P.
1183 1080 1226 1124 en
1249 1057 1314 1125 X.⁰
1337 1058 1440 1129 Mtro.

208 1173 358 1261 Ignacio
374 1173 466 1243 tiene
480 1174 537 1253 de,
555 1194 597 1239 en
610 1175 645 1240 lo
656 1195 725 1258 que
736 1173 891 1261 pudiere,
905 1173 1026 1258 ajudar
1040 1178 1061 1239 t
1075 1175 1176 1240 Mtro.
1194 1174 1342 1254 Rosello,
1357 1176 1441 1241 ami-

205 1310 264 1375 go
280 1289 324 1357 de
339 1291 441 1356 Mtte
465 1289 580 1355 Pietro
601 1288 730 1368 Peroti,
749 1287 958 1357 bienhe'chor
985 1310 1084 1373 suyn,
1107 1288 1274 1355 haziendo
1293 1290 1325 1357 el
1341 1289 1443 1357 dicho

209 1406 321 1472 Mtro.
341 1405 478 1472 Roseilo
494 1424 634 1471 recurso
648 1409 670 1471 a
686 1406 729 1471 N.
751 1407 791 1471 Ρ.
809 1426 872 1490 por
888 1404 992 1471 letras
1007 1409 1028 1469 ό
1045 1405 1174 1472 deutra
1191 1426 1331 1473 maneta
1349 1408 1374 1473 ³.

285 1521 498 1589 Escriuesele
514 1526 599 1599 mas,
615 1542 654 1589 se
665 1525 832 1606 prouecta
848 1520 891 1589 de
903 1540 942 1586 se
954 1518 1065 1585 inbiar
1076 1521 1109 1585 el
1121 1520 1258 1587 scholar
1271 1541 1337 1605 que
1350 1521 1439 1608 pide,

208 1656 298 1720 para
314 1658 375 1702 ver
390 1636 506 1705 deser
524 1635 691 1713 bersario,
717 1636 847 1720 porche
865 1654 935 1701 non
956 1655 1014 1701 sea
1037 1636 1215 1714 thesemo,
1234 1614 1331 1703 como
1352 1636 1438 1705 dize.
1534 1664 1538 1669 ¹

283 1868 332 1934 La
346 1864 444 1952 copia
460 1867 504 1934 de
518 1868 553 1932 lo
567 1888 637 1950 que
650 1886 690 1934 se
702 1865 818 1957 seriue
833 1886 853 1931 a
867 1864 1013 1952 Talpino
1025 1866 1136 1950 queda
1153 1888 1196 1933 en
1213 1886 1304 1933 casa.

801 2047 852 2127 stt

483 2176 671 2244 DOMINO
696 2176 903 2245 TALPINO
929 2176 990 2243 EX
1015 2175 1166 2245 COMM.

632 2329 720 2373 noua
736 2328 903 2372 teupertus
919 2316 986 2385 ¹548
1001 2318 1021 2373 ¹.

211 2434 348 2505 Talpiao
356 2433 541 2507 gratulatur
552 2435 631 2505 quod
643 2434 799 2489 daemonis
812 2431 991 2487 tentationes
1006 2434 1346 2507 superaverit-Bona,
1364 2452 1440 2505 quae

266 2540 302 2577 cx
312 2521 480 2577 obedientia
492 2526 669 2585 nascuntur,
683 2526 907 2585 commemorat,
921 2522 1002 2576 etad
1015 2520 1103 2576 ittam
1121 2522 1361 2593 amplectendam
1374 2524 1442 2576 hor·

265 2612 517 2667 tatum-Suadet
542 2616 586 2675 at,
607 2612 743 2683 gestione
759 2627 886 2665 suorum
911 2611 1101 2682 negotiorum
1122 2610 1211 2682 fideli
1229 2610 1345 2665 borrani
1364 2628 1441 2667 com·

265 2699 375 2767 missa,
383 2700 511 2754 Romam
519 2716 551 2756 tc
562 2699 710 2771 conferat.

787 2852 863 2967 Jhs

281 3022 402 3089 Gratia
416 3035 451 3088 et
467 3044 536 3108 pax
551 3021 701 3111 X.¹Jesu
719 3022 755 3088 in
770 3019 931 3088 omnibus
948 3021 1048 3088 nobis
1066 3033 1246 3108 augeatur.
1267 3022 1392 3090 Amen.

283 3127 447 3223 Accepit*
458 3137 589 3204 litteras
616 3150 710 3216 tuae,
738 3137 875 3204 domine
902 3135 1046 3222 Taipine
1073 3137 1107 3202 in
1136 3138 1198 3203 X.⁰
1225 3135 1438 3218 charissime,

213 3264 333 3320 noster
348 3254 382 3318 in
396 3253 460 3320 X.⁰
475 3257 514 3320 P.
531 3253 696 3341 ignatius,
716 3252 866 3337 mihique
878 3255 951 3340 (pro
965 3275 1059 3320 more
1072 3255 1158 3338 suo),
1178 3267 1326 3320 mentem
1344 3273 1440 3318 suam

216 3370 415 3455 aperiendo,
433 3369 642 3438 rescribendi
659 3369 719 3434 tibi
733 3389 850 3436 curam
868 3368 1030 3446 iniunxit,
1049 3389 1150 3452 quant
1172 3389 1213 3436 eo
1234 3389 1316 3436 sane
1333 3367 1443 3436 liberi·⁴

217 3485 287 3551 tius
307 3484 456 3570 suscepi,
485 3485 594 3569 quod,
623 3506 684 3569 per
709 3483 898 3551 litterarum
927 3483 1232 3550 comunicationem
1255 3487 1443 3570 prouocare

215 3599 385 3666 charitate
401 3610 474 3679 tua,
492 3598 760 3667 coniunctiorem
777 3598 812 3664 in
827 3598 977 3665 Domino
994 3597 1131 3681 tuisque
1151 3597 1363 3665 orationibus
1384 3619 1441 3664 coss

218 3715 465 3782 mendatiorem
479 3737 534 3782 me
550 3717 623 3782 fore
639 3735 748 3800 spero.

285 3831 366 3910 Sed,
384 3847 422 3895 vt
437 3830 620 3898 comissum
634 3828 716 3900 mihi
729 3828 957 3916 respondendi
969 3848 1094 3896 munus
1106 3829 1240 3910 obeam,
1255 3829 1347 3913 quod
1359 3827 1444 3895 scri·

219 3944 273 4010 bis
287 3957 319 4012 te
332 3945 627 4032 cogitationeseas
638 3945 828 4030 ablegasse,
844 3963 934 4028 quae
949 3944 991 4010 ad
1003 3943 1230 4012 defectionem
1247 3965 1266 4010 a
1282 3946 1370 4024 Deo,
1390 3943 1445 4010 cui

221 4059 345 4126 militas
360 4060 422 4146 (sic
436 4060 526 4128 enirn
542 4078 743 4148 persuasum
761 4061 937 4137 habemus
955 4057 1178 4143 quantumuis
1195 4057 1255 4124 tibi
1271 4058 1350 4124 boni
1369 4061 1459 4144 spe?

275 4232 287 4264 ⁵
323 4231 506 4301 PottucuS,
521 4231 646 4297 Clam,
659 4227 683 4296 I,
697 4227 760 4298 296,
774 4240 836 4298 2o7.

272 4393 279 4423 ¹
318 4393 362 4448 Ex
375 4389 553 4447 adversariis
561 4389 750 4462 autographis
762 4389 798 4445 Ρ.
816 4387 947 4458 Polanci,
961 4387 991 4443 in
1012 4387 1114 4442 codice
1142 4387 1238 4460 Epist.
1264 4388 1392 4444 Polaaci
1410 4408 1446 4444 ex

218 4499 338 4546 comm„
354 4494 365 4538 1
382 4480 446 4551 toi,
459 4498 488 4535 n.
503 4479 548 4551 58,
561 4478 643 4552 prius
655 4479 702 4535 61.
715 4480 761 4534 De
779 4488 921 4549 tempore,
944 4493 1001 4550 quo
1024 4477 1095 4532 haec
1118 4477 1243 4548 epistola
1256 4478 1365 4550 scripta
1378 4478 1444 4546 fuit,

219 4571 287 4627 vide
300 4578 401 4626 annot.
415 4570 432 4624 8
446 4568 533 4641 hujus
544 4569 698 4642 epistolae.
713 4568 816 4624 Exstat
828 4565 897 4622 ilius
914 4565 1104 4622 summarium
1117 4566 1146 4621 in
1164 4565 1266 4622 codice
1288 4567 1406 4640 Regest.
1421 4567 1444 4632 1,

223 4658 273 4715 sol,
291 4673 372 4730 151v‚
386 4675 465 4714 vers.
482 4671 536 4727 1·7.
