3625 5375
500 507 503 510 -
598 470 703 527 Bersr.
723 468 843 541 &ro-7
863 471 991 525 Aemus
1013 468 1082 539 1548
1385 468 1443 547 81·

211 619 307 701 iare,
325 620 416 687 neila
435 631 535 707 parte
551 624 618 689 che
633 621 666 688 ci
680 621 758 690 sari
779 621 952 709 possibile,
975 643 996 688 a
1012 622 1045 689 la
1059 623 1184 691 devota
1206 620 1348 689 volunti
1364 624 1407 690 de
1423 624 1456 691 le

210 732 284 802 SS.
301 734 379 803 VV.
397 746 433 803 et
447 735 504 804 rici
519 738 614 807 Rdo.
635 737 748 805 Padre
764 737 957 825 iraJoseph
978 736 1022 805 de
1042 738 1168 817 Feino,
1190 739 1257 805 che
1277 760 1379 825 sopra
1400 738 1454 807 cio

209 848 322 915 etiarn
343 849 375 917 ci
396 851 509 920 scrive
530 870 599 919 con
619 853 725 919 molta
743 851 1003 921 dimostralione
1026 854 1069 919 de
1092 874 1156 919 sua
1178 852 1319 921 chariti.
1350 855 1394 921 Et
1418 854 1453 923 in

209 977 468 1049 questomezo
495 970 667 1055 pregharlt
693 967 791 1035 Iddio
815 966 936 1055 signor
964 978 1082 1037 nostro
1109 990 1171 1055 per
1197 970 1283 1037 altre
1306 968 1362 1038 vie
1385 972 1454 1041 che

207 1079 403 1165 piacerano
416 1105 438 1149 a
454 1105 518 1153 sua
532 1083 639 1151 bontri
656 1104 823 1152 conserve
837 1093 873 1153 et
889 1083 1043 1151 acreschi
1059 1082 1142 1171 ogni
1154 1083 1191 1150 dl
1208 1083 1256 1170 gli
1269 1084 1344 1151 suoi
1360 1085 1452 1153 santi

207 1193 299 1261 doni
313 1197 404 1265 nelle
420 1199 483 1267 SS.
503 1199 581 1268 VV.
599 1210 635 1268 et
651 1200 684 1267 la
698 1220 762 1268 sua
776 1198 949 1266 catholica
965 1198 1060 1278 cittfa,
1078 1200 1257 1265 dandocia
1274 1200 1354 1265 tutti
1366 1222 1447 1287 gra·

208 1308 264 1375 tia
280 1310 316 1375 di
331 1332 465 1399 sempre
480 1334 693 1401 cognoscere
708 1326 744 1383 et
758 1313 936 1401 esseguire
952 1336 1016 1381 sua
1031 1324 1130 1381 santa
1145 1316 1299 1381 volumi.

283 1426 338 1493 De
352 1428 461 1495 Roma
477 1446 498 1511 7
512 1430 559 1497 de
574 1428 696 1515 Aprile
715 1429 800 1512 1548
815 1440 843 1499 ⁸.

283 1544 338 1613 De
352 1544 430 1611 VV.
449 1546 512 1615 SS.
528 1544 720 1613 humillimo
735 1567 837 1613 servo
852 1546 909 1613 nel
926 1544 1073 1632 Signore
1090 1558 1220 1628 nostro,

1101 1662 1267 1731 Innnrro.

285 1774 480 1861 Inscriptio.
500 1776 580 1862 Agli
599 1777 706 1843 molto
727 1776 902 1863 magnifici
923 1774 1053 1863 signori
1074 1776 1123 1861 gli
1144 1776 1274 1863 signori
1294 1778 1448 1865 deputati

210 1888 247 1954 al
269 1908 423 1975 governo
441 1891 531 1959 della
550 1892 635 1959 citte
654 1892 690 1959 di
710 1892 818 1959 Pavia
833 1894 845 1927 ³
863 1891 898 1959 in
915 1892 1055 1961 Christo
1070 1892 1386 1961 observandissimi.
1410 1897 1448 1961 In

213 2003 337 2072 Paria.

793 2179 868 2259 3⁰9

581 2310 799 2398 Josnrno
826 2308 1070 2376 persono

644 2464 733 2507 noun
743 2464 762 2521 7
774 2462 897 2507 nemus
913 2451 982 2519 1548
996 2452 1015 2505 ¹.

499 2574 584 2631 ilem
597 2578 814 2649 argumentum
827 2574 972 2647 epistolae
984 2574 1163 2647 superioris.

281 2699 364 2768 Este
378 2700 435 2766 dia
454 2701 481 2781 ¹,
503 2721 569 2768 con
589 2703 623 2768 la
642 2699 745 2768 dicha
760 2703 786 2781 ⁵,
808 2723 848 2770 se
862 2699 1010 2768 escriuio
1030 2713 1105 2768 otra
1126 2705 1145 2768 1
1168 2703 1242 2788 iray
1253 2703 1385 2790 joseph
1402 2705 1447 2772 de

208 2815 339 2896 Femo,
356 2836 425 2899 que
439 2815 567 2918 scrinio
586 2836 653 2884 con
673 2818 706 2884 la
725 2815 864 2897 cindad,
881 2817 927 2884 de
949 2817 1080 2886 buenss
1106 2818 1275 2904 palabros,
1294 2819 1327 2884 al
1348 2827 1446 2886 tenor
1463 2899 1466 2906 Ι

210 2929 257 2996 de
272 2931 307 2997 la
320 2929 439 3012 dicha3
454 2953 478 3016 y
492 2933 685 3000 escusando
699 2934 744 3002 de
759 2951 806 3000 no
821 2953 904 3001 aner
923 2943 980 3000 tan
993 2942 1109 3018 presto
1131 2933 1349 3018 respondido,
1367 2944 1437 3000 etc.

265 3153 281 3193 8
315 3137 377 3193 Hic
388 3137 641 3194 desinilralter.»

263 3307 275 3338 ³
312 3307 447 3381 inopere
463 3307 625 3364 carrarca
642 3307 707 3363 Son
721 3306 917 3380 Ignacimii,
937 3319 998 3378 117,
1017 3306 1134 3362 inscitia
1151 3315 1202 3362 eut
1219 3323 1318 3363 errore
1333 3305 1443 3363 librarii

210 3395 337 3470 epistola
349 3397 423 3452 haec
435 3395 606 3454 inscribitur
619 3397 665 3452 «A
677 3397 706 3451 ln
718 3395 825 3453 ciuded
836 3395 875 3452 de
888 3397 1022 3454 Parma».
1043 3396 1180 3452 Nostram
1196 3413 1267 3452 vero
1285 3397 1443 3452 lectionem

211 3493 311 3542 tuetur
323 3485 507 3555 ΡοιΑΝουε,
523 3483 648 3550 Chron„
662 3485 687 3553 1,
706 3487 769 3555 269,
789 3494 830 3553 et,
848 3483 927 3558 qnod
945 3492 1034 3558 eaput
1052 3493 1109 3554 est,
1124 3484 1187 3556 ipsa
1204 3484 1388 3560 papiensium
1406 3485 1443 3539 ad

212 3573 362 3645 ignatium
374 3574 510 3649 epistola.
526 3573 666 3629 Attamen
684 3591 721 3628 ex
739 3573 848 3629 litteris
865 3575 1032 3646 paulopost
1052 3572 1235 3644 proferendis
1251 3582 1368 3628 constat
1380 3591 1443 3647 par·

210 3677 343 3718 mensem
362 3664 451 3718 etiarn
463 3662 616 3718 civitatem
635 3660 673 3717 de
690 3661 795 3717 eodem
815 3671 989 3734 argumento
1007 3661 1044 3716 ad
1061 3659 1208 3733 ignatium
1223 3662 1388 3734 scripsisse,
1409 3679 1443 3718 ac

209 3750 341 3808 vicissim
355 3751 482 3808 similem
495 3751 717 3824 responsionem
730 3751 827 3806 eidem
840 3751 938 3806 datam
953 3767 1031 3806 esse.

263 3939 272 3964 ¹
310 3932 355 3987 Ex
367 3929 470 3987 codice
484 3932 602 4004 Roget.
616 3931 643 3995 1,
656 3929 708 3986 iol.
724 3943 807 4001 150v‚
821 3947 901 3986 vers.
917 3931 952 3986 26
965 3940 996 3986 et
1010 3942 1056 4002 27,
1070 3947 1158 3986 manu
1171 3930 1204 3985 P.
1221 3931 1348 3986 Polanci.

262 4025 275 4055 ³
312 4019 432 4077 Scilicet
445 4019 495 4075 dle
507 4033 524 4089 7
538 4019 660 4092 Aprilis,
674 4037 741 4075 nam
755 4018 888 4092 sequitur
903 4020 1044 4092 epistolas
1057 4021 1111 4074 hac
1124 4019 1172 4075 die
1186 4018 1279 4074 datas.

262 4111 274 4142 ²
311 4109 387 4167 Vide
400 4110 555 4182 epistolam
568 4111 761 4182 superiorem.

340 4785 442 4832 Morou.
456 4785 674 4842 lesere-Emer..
688 4797 746 4833 ros.
762 4787 798 4832 11.
