<?xml version="1.0" encoding="UTF-8"?>
<!DOCTYPE html PUBLIC "-//W3C//DTD XHTML 1.0 Transitional//EN"
    "http://www.w3.org/TR/xhtml1/DTD/xhtml1-transitional.dtd">
<html xmlns="http://www.w3.org/1999/xhtml" xml:lang="en" lang="en">
 <head>
  <title>
</title>
<meta http-equiv="Content-Type" content="text/html;charset=utf-8" />
  <meta name='ocr-system' content='tesseract 3.04.00' />
  <meta name='ocr-capabilities' content='ocr_page ocr_carea ocr_par ocr_line ocrx_word'/>
</head>
<body>
  <div class='ocr_page' id='page_1' title='image "./monumentaignati05ignagoog/monumentaignati05ignagoog_0276.png"; bbox 0 0 3625 5375; ppageno 0'>
   <div class='ocr_carea' id='block_1_1' title="bbox 368 376 1206 467">
    <p class='ocr_par' dir='ltr' id='par_1_1' title="bbox 368 376 1206 467">
     <span class='ocr_line' id='line_1_1' title="bbox 368 376 1206 467; baseline -0.004 -25"><span class='ocrx_word' id='word_1_1' title='bbox 368 398 421 456; x_wconf 86' lang='lat'>270</span> <span class='ocrx_word' id='word_1_2' title='bbox 666 400 674 445; x_wconf 68' lang='grc' dir='ltr'><em>τ</em></span> <span class='ocrx_word' id='word_1_3' title='bbox 713 446 730 467; x_wconf 26' lang='grc'>1,</span> <span class='ocrx_word' id='word_1_4' title='bbox 748 384 956 457; x_wconf 69' lang='lat' dir='ltr'>Maroneum</span> <span class='ocrx_word' id='word_1_5' title='bbox 973 376 1155 463; x_wconf 68' lang='lat' dir='ltr'>iussurus</span> <span class='ocrx_word' id='word_1_6' title='bbox 1203 405 1206 412; x_wconf 93' lang='lat'>·</span> 
     </span>
    </p>
   </div>
   <div class='ocr_carea' id='block_1_2' title="bbox 330 530 1560 1147">
    <p class='ocr_par' dir='ltr' id='par_1_2' title="bbox 330 530 1560 743">
     <span class='ocr_line' id='line_1_2' title="bbox 330 530 1560 627; baseline -0.002 -22"><span class='ocrx_word' id='word_1_7' title='bbox 330 539 426 625; x_wconf 86' lang='lat' dir='ltr'>virey</span> <span class='ocrx_word' id='word_1_8' title='bbox 442 540 467 620; x_wconf 80' lang='lat'>⁸,</span> <span class='ocrx_word' id='word_1_9' title='bbox 490 540 522 607; x_wconf 91' lang='lat' dir='ltr'>le</span> <span class='ocrx_word' id='word_1_10' title='bbox 543 548 739 627; x_wconf 81' lang='lat' dir='ltr'>presentoy</span> <span class='ocrx_word' id='word_1_11' title='bbox 759 530 848 607; x_wconf 79' lang='lat' dir='ltr'>dere</span> <span class='ocrx_word' id='word_1_12' title='bbox 868 554 912 605; x_wconf 86' lang='lat' dir='ltr'>en</span> <span class='ocrx_word' id='word_1_13' title='bbox 932 556 973 605; x_wconf 89' lang='lat' dir='ltr'>su</span> <span class='ocrx_word' id='word_1_14' title='bbox 995 536 1106 625; x_wconf 69' lang='lat' dir='ltr'>lugan</span> <span class='ocrx_word' id='word_1_15' title='bbox 1135 561 1157 624; x_wconf 89' lang='lat' dir='ltr'><strong>y</strong></span> <span class='ocrx_word' id='word_1_16' title='bbox 1184 558 1252 623; x_wconf 89' lang='lat' dir='ltr'>que</span> <span class='ocrx_word' id='word_1_17' title='bbox 1278 558 1321 606; x_wconf 88' lang='lat' dir='ltr'>en</span> <span class='ocrx_word' id='word_1_18' title='bbox 1342 536 1560 605; x_wconf 73' lang='lat' dir='ltr'>estemedio</span> 
     </span>
     <span class='ocr_line' id='line_1_3' title="bbox 333 643 1439 743; baseline -0.005 -20"><span class='ocrx_word' id='word_1_19' title='bbox 333 657 471 743; x_wconf 87' lang='lat' dir='ltr'>tiempo,</span> <span class='ocrx_word' id='word_1_20' title='bbox 490 674 557 741; x_wconf 83' lang='lat' dir='ltr'>que</span> <span class='ocrx_word' id='word_1_21' title='bbox 573 674 611 723; x_wconf 85' lang='lat' dir='ltr'>es</span> <span class='ocrx_word' id='word_1_22' title='bbox 627 643 799 737; x_wconf 82' lang='lat' dir='ltr'>carnabal,</span> <span class='ocrx_word' id='word_1_23' title='bbox 809 650 882 740; x_wconf 66' lang='lat' dir='ltr'>lyra</span> <span class='ocrx_word' id='word_1_24' title='bbox 895 647 1056 740; x_wconf 78' lang='lat' dir='ltr'>gananllo</span> <span class='ocrx_word' id='word_1_25' title='bbox 1071 653 1203 740; x_wconf 78' lang='lat' dir='ltr'>amigos</span> <span class='ocrx_word' id='word_1_26' title='bbox 1217 654 1245 733; x_wconf 78' lang='lat'>³,</span> <span class='ocrx_word' id='word_1_27' title='bbox 1263 663 1329 721; x_wconf 85' lang='lat' dir='ltr'>ete.</span> <span class='ocrx_word' id='word_1_28' title='bbox 1354 670 1358 680; x_wconf 90' lang='lat'><strong>·</strong></span> <span class='ocrx_word' id='word_1_29' title='bbox 1435 674 1439 681; x_wconf 55' lang='lat'>¹</span> 
     </span>
    </p>

    <p class='ocr_par' dir='ltr' id='par_1_3' title="bbox 398 768 1478 858">
     <span class='ocr_line' id='line_1_4' title="bbox 398 768 1478 858; baseline 0.002 -21"><span class='ocrx_word' id='word_1_30' title='bbox 398 772 450 837; x_wconf 68' lang='lat'>2⁰</span> <span class='ocrx_word' id='word_1_31' title='bbox 494 770 543 840; x_wconf 76' lang='lat' dir='ltr'>Se</span> <span class='ocrx_word' id='word_1_32' title='bbox 554 783 682 836; x_wconf 75' lang='lat' dir='ltr'>‘nartan</span> <span class='ocrx_word' id='word_1_33' title='bbox 698 768 750 837; x_wconf 81' lang='lat' dir='ltr'>los</span> <span class='ocrx_word' id='word_1_34' title='bbox 765 774 916 838; x_wconf 78' lang='lat' dir='ltr'>cueutos&#39;</span> <span class='ocrx_word' id='word_1_35' title='bbox 926 779 990 836; x_wconf 78' lang='lat' dir='ltr'>co&#39;n</span> <span class='ocrx_word' id='word_1_36' title='bbox 1007 769 1040 836; x_wconf 84' lang='lat' dir='ltr'>el</span> <span class='ocrx_word' id='word_1_37' title='bbox 1055 769 1214 856; x_wconf 65' lang='lat' dir='ltr'>pastum,</span> <span class='ocrx_word' id='word_1_38' title='bbox 1232 787 1255 858; x_wconf 86' lang='lat' dir='ltr'><strong>y</strong></span> <span class='ocrx_word' id='word_1_39' title='bbox 1270 768 1478 839; x_wconf 81' lang='lat' dir='ltr'>edification.</span> 
     </span>
    </p>

    <p class='ocr_par' dir='ltr' id='par_1_4' title="bbox 331 862 1558 1089">
     <span class='ocr_line' id='line_1_5' title="bbox 399 862 1558 972; baseline -0.003 -20"><span class='ocrx_word' id='word_1_40' title='bbox 399 885 450 971; x_wconf 85' lang='lat'>3.⁰</span> <span class='ocrx_word' id='word_1_41' title='bbox 498 888 577 971; x_wconf 84' lang='lat' dir='ltr'>Que</span> <span class='ocrx_word' id='word_1_42' title='bbox 593 894 638 951; x_wconf 88' lang='lat' dir='ltr'>no</span> <span class='ocrx_word' id='word_1_43' title='bbox 654 902 737 972; x_wconf 83' lang='lat' dir='ltr'>sepa</span> <span class='ocrx_word' id='word_1_44' title='bbox 751 866 819 971; x_wconf 83' lang='lat' dir='ltr'>que</span> <span class='ocrx_word' id='word_1_45' title='bbox 836 886 920 953; x_wconf 85' lang='lat' dir='ltr'>sabe</span> <span class='ocrx_word' id='word_1_46' title='bbox 935 884 966 953; x_wconf 81' lang='lat' dir='ltr'>el</span> <span class='ocrx_word' id='word_1_47' title='bbox 984 873 1108 966; x_wconf 84' lang='lat' dir='ltr'>Padre&#39;,</span> <span class='ocrx_word' id='word_1_48' title='bbox 1124 886 1169 951; x_wconf 85' lang='lat' dir='ltr'>de</span> <span class='ocrx_word' id='word_1_49' title='bbox 1188 886 1289 951; x_wconf 83' lang='lat' dir='ltr'>Mtro.</span> <span class='ocrx_word' id='word_1_50' title='bbox 1315 862 1463 969; x_wconf 83' lang='lat' dir='ltr'>Laynez‚</span> <span class='ocrx_word' id='word_1_51' title='bbox 1483 889 1558 951; x_wconf 76' lang='lat' dir='ltr'>mas</span> 
     </span>
     <span class='ocr_line' id='line_1_6' title="bbox 331 998 1106 1147; baseline 0 -78"><span class='ocrx_word' id='word_1_52' title='bbox 331 1024 400 1089; x_wconf 87' lang='lat' dir='ltr'>que</span> <span class='ocrx_word' id='word_1_53' title='bbox 415 1004 447 1073; x_wconf 93' lang='lat' dir='ltr'>el</span> <span class='ocrx_word' id='word_1_54' title='bbox 463 1002 557 1071; x_wconf 89' lang='lat' dir='ltr'>dezir</span> <span class='ocrx_word' id='word_1_55' title='bbox 572 1020 641 1087; x_wconf 86' lang='lat' dir='ltr'>que</span> <span class='ocrx_word' id='word_1_56' title='bbox 656 998 688 1069; x_wconf 90' lang='lat' dir='ltr'>le</span> <span class='ocrx_word' id='word_1_57' title='bbox 704 1000 790 1068; x_wconf 82' lang='lat' dir='ltr'>ditia</span> <span class='ocrx_word' id='word_1_58' title='bbox 806 1010 846 1067; x_wconf 85' lang='lat' dir='ltr'>su</span> <span class='ocrx_word' id='word_1_59' title='bbox 858 1021 1018 1147; x_wconf 81' lang='lat' dir='ltr'>parezer</span> <span class='ocrx_word' id='word_1_60' title='bbox 1035 1010 1106 1069; x_wconf 69' lang='lat' dir='ltr'>etr„</span> 
     </span>
    </p>
   </div>
   <div class='ocr_carea' id='block_1_3' title="bbox 888 1170 1054 1257">
    <p class='ocr_par' dir='ltr' id='par_1_5' title="bbox 888 1170 1054 1257">
     <span class='ocr_line' id='line_1_7' title="bbox 888 1170 1054 1257; baseline 0.026 -2.436"><span class='ocrx_word' id='word_1_61' title='bbox 888 1170 1054 1257; x_wconf 77' lang='grc'><strong>5113</strong></span> 
     </span>
    </p>
   </div>
   <div class='ocr_carea' id='block_1_4' title="bbox 480 1254 1468 1484">
    <p class='ocr_par' dir='ltr' id='par_1_6' title="bbox 480 1254 1468 1482">
     <span class='ocr_line' id='line_1_8' title="bbox 480 1254 1468 1394; baseline -0.011 -20.489"><span class='ocrx_word' id='word_1_62' title='bbox 480 1254 745 1394; x_wconf 74' lang='lat' dir='ltr'>Joauuus</span> <span class='ocrx_word' id='word_1_63' title='bbox 768 1304 831 1375; x_wconf 74' lang='lat' dir='ltr'>ot</span> <span class='ocrx_word' id='word_1_64' title='bbox 855 1303 1083 1381; x_wconf 72' lang='lat' dir='ltr'>Pounuco</span> <span class='ocrx_word' id='word_1_65' title='bbox 1107 1303 1169 1375; x_wconf 77' lang='lat' dir='ltr'>ex</span> <span class='ocrx_word' id='word_1_66' title='bbox 1193 1302 1373 1378; x_wconf 80' lang='lat' dir='ltr'>court</span> <span class='ocrx_word' id='word_1_67' title='bbox 1442 1355 1468 1380; x_wconf 71' lang='lat'>„</span> 
     </span>
     <span class='ocr_line' id='line_1_9' title="bbox 558 1414 1231 1484; baseline -0.003 -7"><span class='ocrx_word' id='word_1_68' title='bbox 558 1469 561 1477; x_wconf 81' lang='grc'><strong>,</strong></span> <span class='ocrx_word' id='word_1_69' title='bbox 616 1414 781 1479; x_wconf 86' lang='lat' dir='ltr'><strong>PATRI</strong></span> <span class='ocrx_word' id='word_1_70' title='bbox 798 1415 1020 1477; x_wconf 81' lang='lat' dir='ltr'><strong>LEONARDO</strong></span> <span class='ocrx_word' id='word_1_71' title='bbox 1040 1414 1231 1484; x_wconf 83' lang='lat' dir='ltr'>KESSELIO</span> 
     </span>
    </p>
   </div>
   <div class='ocr_carea' id='block_1_5' title="bbox 703 1531 1204 1612">
    <p class='ocr_par' dir='ltr' id='par_1_7' title="bbox 703 1531 1204 1612">
     <span class='ocr_line' id='line_1_10' title="bbox 703 1531 1204 1612; baseline -0.007 -17.883"><span class='ocrx_word' id='word_1_72' title='bbox 703 1544 810 1612; x_wconf 69' lang='lat' dir='ltr'>tous</span> <span class='ocrx_word' id='word_1_73' title='bbox 825 1546 858 1603; x_wconf 87' lang='lat'>17</span> <span class='ocrx_word' id='word_1_74' title='bbox 871 1544 1064 1599; x_wconf 67' lang='lat' dir='ltr'>nucerinus</span> <span class='ocrx_word' id='word_1_75' title='bbox 1067 1546 1078 1587; x_wconf 92' lang='grc' dir='ltr'>ι</span> <span class='ocrx_word' id='word_1_76' title='bbox 1082 1534 1204 1606; x_wconf 81' lang='lat'>548</span> <span class='ocrx_word' id='word_1_77' title='bbox 1149 1531 1157 1565; x_wconf 90' lang='lat'>¹</span> 
     </span>
    </p>
   </div>
   <div class='ocr_carea' id='block_1_6' title="bbox 329 1649 1561 1816">
    <p class='ocr_par' dir='ltr' id='par_1_8' title="bbox 329 1649 1561 1816">
     <span class='ocr_line' id='line_1_11' title="bbox 329 1649 1561 1727; baseline -0.001 -18"><span class='ocrx_word' id='word_1_78' title='bbox 329 1650 467 1726; x_wconf 76' lang='lat' dir='ltr'>Epistola</span> <span class='ocrx_word' id='word_1_79' title='bbox 486 1650 629 1725; x_wconf 84' lang='lat' dir='ltr'>officiosa.</span> <span class='ocrx_word' id='word_1_80' title='bbox 635 1652 808 1708; x_wconf 79' lang='lat' dir='ltr'>-Saiutam</span> <span class='ocrx_word' id='word_1_81' title='bbox 827 1650 930 1727; x_wconf 72' lang='lat' dir='ltr'>priori</span> <span class='ocrx_word' id='word_1_82' title='bbox 947 1650 1151 1709; x_wconf 67' lang='lat' dir='ltr'>carthusiensi</span> <span class='ocrx_word' id='word_1_83' title='bbox 1168 1650 1253 1706; x_wconf 77' lang='lat' dir='ltr'>dicit.</span> <span class='ocrx_word' id='word_1_84' title='bbox 1259 1651 1350 1707; x_wconf 75' lang='lat' dir='ltr'>—Res</span> <span class='ocrx_word' id='word_1_85' title='bbox 1370 1649 1561 1710; x_wconf 65' lang='lat' dir='ltr'>Germaniae</span> 
     </span>
     <span class='ocr_line' id='line_1_12' title="bbox 709 1727 1277 1816; baseline -0.004 -20"><span class='ocrx_word' id='word_1_86' title='bbox 709 1740 932 1815; x_wconf 79' lang='lat' dir='ltr'>Ignatiucordi</span> <span class='ocrx_word' id='word_1_87' title='bbox 943 1756 1003 1797; x_wconf 79' lang='lat' dir='ltr'>esse</span> <span class='ocrx_word' id='word_1_88' title='bbox 1016 1727 1181 1816; x_wconf 78' lang='lat' dir='ltr'>significat.</span> <span class='ocrx_word' id='word_1_89' title='bbox 1273 1734 1277 1744; x_wconf 90' lang='lat'>&#39;</span> 
     </span>
    </p>
   </div>
   <div class='ocr_carea' id='block_1_7' title="bbox 905 1855 1057 1999">
    <p class='ocr_par' dir='ltr' id='par_1_9' title="bbox 905 1855 1057 1999">
     <span class='ocr_line' id='line_1_13' title="bbox 905 1855 1057 1999; baseline -0.007 0"><span class='ocrx_word' id='word_1_90' title='bbox 905 1855 980 1999; x_wconf 70' lang='lat' dir='ltr'>tis</span> <span class='ocrx_word' id='word_1_91' title='bbox 1050 1922 1057 1932; x_wconf 92' lang='lat'>··</span> 
     </span>
    </p>
   </div>
   <div class='ocr_carea' id='block_1_8' title="bbox 327 2020 1602 3752">
    <p class='ocr_par' dir='ltr' id='par_1_10' title="bbox 395 2020 1410 2132">
     <span class='ocr_line' id='line_1_14' title="bbox 395 2020 1410 2132; baseline -0.002 -17"><span class='ocrx_word' id='word_1_92' title='bbox 395 2020 517 2115; x_wconf 82' lang='lat' dir='ltr'>Gratia</span> <span class='ocrx_word' id='word_1_93' title='bbox 533 2056 569 2113; x_wconf 80' lang='lat' dir='ltr'>et</span> <span class='ocrx_word' id='word_1_94' title='bbox 584 2067 649 2132; x_wconf 86' lang='lat' dir='ltr'>pax</span> <span class='ocrx_word' id='word_1_95' title='bbox 666 2044 724 2113; x_wconf 78' lang='lat' dir='ltr'>X.¹</span> <span class='ocrx_word' id='word_1_96' title='bbox 738 2044 866 2125; x_wconf 87' lang='lat' dir='ltr'>domini</span> <span class='ocrx_word' id='word_1_97' title='bbox 883 2063 962 2111; x_wconf 89' lang='lat' dir='ltr'>curn</span> <span class='ocrx_word' id='word_1_98' title='bbox 977 2043 1138 2111; x_wconf 85' lang='lat' dir='ltr'>omnibus</span> <span class='ocrx_word' id='word_1_99' title='bbox 1154 2042 1265 2110; x_wconf 76' lang='lat' dir='ltr'>nobis,</span> <span class='ocrx_word' id='word_1_100' title='bbox 1284 2023 1410 2113; x_wconf 79' lang='lat' dir='ltr'>Amen.</span> 
     </span>
    </p>

    <p class='ocr_par' dir='ltr' id='par_1_11' title="bbox 327 2159 1559 3407">
     <span class='ocr_line' id='line_1_15' title="bbox 393 2159 1553 2249; baseline 0 -22"><span class='ocrx_word' id='word_1_101' title='bbox 393 2164 558 2249; x_wconf 87' lang='lat' dir='ltr'>Pergrate</span> <span class='ocrx_word' id='word_1_102' title='bbox 576 2160 674 2229; x_wconf 89' lang='lat' dir='ltr'>nobis</span> <span class='ocrx_word' id='word_1_103' title='bbox 692 2162 831 2227; x_wconf 87' lang='lat' dir='ltr'>fuerunt</span> <span class='ocrx_word' id='word_1_104' title='bbox 847 2160 980 2228; x_wconf 86' lang='lat' dir='ltr'><strong>litterae</strong></span> <span class='ocrx_word' id='word_1_105' title='bbox 1001 2170 1081 2226; x_wconf 87' lang='lat' dir='ltr'>tuae</span> <span class='ocrx_word' id='word_1_106' title='bbox 1092 2177 1143 2246; x_wconf 14' lang='lat'>*25</span> <span class='ocrx_word' id='word_1_107' title='bbox 1160 2159 1381 2245; x_wconf 84' lang='lat' dir='ltr'>Septembris</span> <span class='ocrx_word' id='word_1_108' title='bbox 1392 2159 1553 2245; x_wconf 82' lang='lat' dir='ltr'>scriptae,</span> 
     </span>
     <span class='ocr_line' id='line_1_16' title="bbox 327 2256 1558 2364; baseline -0.001 -21"><span class='ocrx_word' id='word_1_109' title='bbox 327 2277 453 2364; x_wconf 91' lang='lat' dir='ltr'>quibus</span> <span class='ocrx_word' id='word_1_110' title='bbox 479 2274 522 2344; x_wconf 88' lang='lat' dir='ltr'>de</span> <span class='ocrx_word' id='word_1_111' title='bbox 549 2287 609 2344; x_wconf 89' lang='lat' dir='ltr'>tua</span> <span class='ocrx_word' id='word_1_112' title='bbox 636 2256 845 2357; x_wconf 66' lang='lat' dir='ltr'>valetudine,</span> <span class='ocrx_word' id='word_1_113' title='bbox 874 2274 996 2342; x_wconf 89' lang='lat' dir='ltr'>studiis</span> <span class='ocrx_word' id='word_1_114' title='bbox 1022 2273 1260 2361; x_wconf 82' lang='lat' dir='ltr'>piisqueerga</span> <span class='ocrx_word' id='word_1_115' title='bbox 1282 2272 1456 2360; x_wconf 82' lang='lat' dir='ltr'>proximos</span> <span class='ocrx_word' id='word_1_116' title='bbox 1473 2286 1558 2342; x_wconf 80' lang='lat' dir='ltr'>‘tuos</span> 
     </span>
     <span class='ocr_line' id='line_1_17' title="bbox 329 2378 1556 2481; baseline -0.005 -18"><span class='ocrx_word' id='word_1_117' title='bbox 329 2391 622 2481; x_wconf 85' lang='lat' dir='ltr'>occupationibus,</span> <span class='ocrx_word' id='word_1_118' title='bbox 640 2391 753 2476; x_wconf 88' lang='lat' dir='ltr'>deque</span> <span class='ocrx_word' id='word_1_119' title='bbox 768 2390 939 2457; x_wconf 86' lang='lat' dir='ltr'>sociorum</span> <span class='ocrx_word' id='word_1_120' title='bbox 954 2389 990 2475; x_wconf 82' lang='lat' dir='ltr'>in</span> <span class='ocrx_word' id='word_1_121' title='bbox 1006 2390 1129 2456; x_wconf 85' lang='lat' dir='ltr'>litteris</span> <span class='ocrx_word' id='word_1_122' title='bbox 1142 2378 1184 2457; x_wconf 66' lang='lat' dir='ltr'>et&#39;</span> <span class='ocrx_word' id='word_1_123' title='bbox 1197 2388 1430 2476; x_wconf 82' lang='lat' dir='ltr'>spiritualibus</span> <span class='ocrx_word' id='word_1_124' title='bbox 1445 2389 1556 2457; x_wconf 83' lang='lat' dir='ltr'>virtu-</span> 
     </span>
     <span class='ocr_line' id='line_1_18' title="bbox 329 2490 1556 2590; baseline -0.003 -15"><span class='ocrx_word' id='word_1_125' title='bbox 329 2509 422 2575; x_wconf 85' lang='lat' dir='ltr'>tibus</span> <span class='ocrx_word' id='word_1_126' title='bbox 438 2506 598 2577; x_wconf 85' lang='lat' dir='ltr'>exercitio</span> <span class='ocrx_word' id='word_1_127' title='bbox 614 2526 677 2573; x_wconf 89' lang='lat' dir='ltr'>nos</span> <span class='ocrx_word' id='word_1_128' title='bbox 693 2490 870 2573; x_wconf 86' lang='lat' dir='ltr'>admones.</span> <span class='ocrx_word' id='word_1_129' title='bbox 887 2506 1083 2573; x_wconf 89' lang='lat' dir='ltr'>Conseruet</span> <span class='ocrx_word' id='word_1_130' title='bbox 1097 2524 1229 2585; x_wconf 87' lang='lat' dir='ltr'>omnes,</span> <span class='ocrx_word' id='word_1_131' title='bbox 1246 2516 1282 2571; x_wconf 92' lang='lat' dir='ltr'>et</span> <span class='ocrx_word' id='word_1_132' title='bbox 1300 2514 1501 2590; x_wconf 87' lang='lat' dir='ltr'>promoueat</span> <span class='ocrx_word' id='word_1_133' title='bbox 1521 2505 1556 2571; x_wconf 92' lang='lat' dir='ltr'>in</span> 
     </span>
     <span class='ocr_line' id='line_1_19' title="bbox 329 2607 1557 2705; baseline -0.003 -13"><span class='ocrx_word' id='word_1_134' title='bbox 329 2624 415 2705; x_wconf 66' lang='lat' dir='ltr'>dies</span> <span class='ocrx_word' id='word_1_135' title='bbox 437 2623 605 2690; x_wconf 87' lang='lat' dir='ltr'>bonorum</span> <span class='ocrx_word' id='word_1_136' title='bbox 628 2620 782 2690; x_wconf 88' lang='lat' dir='ltr'>omnium</span> <span class='ocrx_word' id='word_1_137' title='bbox 803 2607 931 2689; x_wconf 50' lang='lat' dir='ltr'>‘auctor</span> <span class='ocrx_word' id='word_1_138' title='bbox 958 2621 1055 2690; x_wconf 89' lang='lat' dir='ltr'>Deus</span> <span class='ocrx_word' id='word_1_139' title='bbox 1081 2619 1116 2688; x_wconf 92' lang='lat' dir='ltr'>in</span> <span class='ocrx_word' id='word_1_140' title='bbox 1137 2619 1297 2701; x_wconf 88' lang='lat' dir='ltr'>omnibus</span> <span class='ocrx_word' id='word_1_141' title='bbox 1311 2618 1557 2688; x_wconf 84' lang='lat' dir='ltr'>charismatum</span> 
     </span>
     <span class='ocr_line' id='line_1_20' title="bbox 330 2727 1554 2826; baseline -0.004 -18"><span class='ocrx_word' id='word_1_142' title='bbox 330 2758 470 2808; x_wconf 89' lang='lat' dir='ltr'>suorum</span> <span class='ocrx_word' id='word_1_143' title='bbox 486 2738 712 2826; x_wconf 82' lang='lat' dir='ltr'>spiritualium</span> <span class='ocrx_word' id='word_1_144' title='bbox 729 2727 840 2818; x_wconf 80' lang='lat' dir='ltr'>doliis,</span> <span class='ocrx_word' id='word_1_145' title='bbox 859 2747 897 2803; x_wconf 82' lang='lat' dir='ltr'>vt</span> <span class='ocrx_word' id='word_1_146' title='bbox 914 2736 949 2802; x_wconf 90' lang='lat' dir='ltr'>in</span> <span class='ocrx_word' id='word_1_147' title='bbox 966 2736 1060 2823; x_wconf 85' lang='lat' dir='ltr'>ipsis,</span> <span class='ocrx_word' id='word_1_148' title='bbox 1079 2730 1114 2804; x_wconf 79' lang='lat' dir='ltr'>et</span> <span class='ocrx_word' id='word_1_149' title='bbox 1129 2756 1264 2823; x_wconf 81' lang='lat' dir='ltr'>percos</span> <span class='ocrx_word' id='word_1_150' title='bbox 1280 2736 1314 2804; x_wconf 92' lang='lat' dir='ltr'>in</span> <span class='ocrx_word' id='word_1_151' title='bbox 1331 2737 1448 2803; x_wconf 88' lang='lat' dir='ltr'>multis</span> <span class='ocrx_word' id='word_1_152' title='bbox 1467 2737 1554 2818; x_wconf 84' lang='lat' dir='ltr'>aliis,</span> 
     </span>
     <span class='ocr_line' id='line_1_21' title="bbox 329 2842 1450 2946; baseline -0.005 -22"><span class='ocrx_word' id='word_1_153' title='bbox 329 2856 405 2924; x_wconf 87' lang='lat' dir='ltr'>eius</span> <span class='ocrx_word' id='word_1_154' title='bbox 420 2875 547 2946; x_wconf 85' lang='lat' dir='ltr'>nomen</span> <span class='ocrx_word' id='word_1_155' title='bbox 563 2853 819 2921; x_wconf 88' lang='lat' dir='ltr'>sanctissimum</span> <span class='ocrx_word' id='word_1_156' title='bbox 834 2854 1025 2922; x_wconf 86' lang='lat' dir='ltr'>honoretur</span> <span class='ocrx_word' id='word_1_157' title='bbox 1038 2863 1073 2919; x_wconf 87' lang='lat' dir='ltr'>et</span> <span class='ocrx_word' id='word_1_158' title='bbox 1089 2842 1307 2920; x_wconf 81' lang='lat' dir='ltr'>clarificetur.</span> <span class='ocrx_word' id='word_1_159' title='bbox 1325 2855 1450 2921; x_wconf 90' lang='lat' dir='ltr'>Amen.</span> 
     </span>
     <span class='ocr_line' id='line_1_22' title="bbox 332 2966 1557 3056; baseline -0.002 -18"><span class='ocrx_word' id='word_1_160' title='bbox 332 3037 334 3044; x_wconf 78' lang='grc'>,</span> <span class='ocrx_word' id='word_1_161' title='bbox 398 2971 600 3039; x_wconf 87' lang='lat' dir='ltr'>Reverendo</span> <span class='ocrx_word' id='word_1_162' title='bbox 616 2968 757 3036; x_wconf 89' lang='lat' dir='ltr'>domino</span> <span class='ocrx_word' id='word_1_163' title='bbox 774 2967 882 3056; x_wconf 83' lang='lat' dir='ltr'>priori</span> <span class='ocrx_word' id='word_1_164' title='bbox 897 2967 1123 3036; x_wconf 83' lang='lat' dir='ltr'>carthusiensi</span> <span class='ocrx_word' id='word_1_165' title='bbox 1139 2969 1151 3001; x_wconf 86' lang='lat'><strong>¹</strong></span> <span class='ocrx_word' id='word_1_166' title='bbox 1168 2970 1326 3049; x_wconf 86' lang='lat' dir='ltr'>salutem,</span> <span class='ocrx_word' id='word_1_167' title='bbox 1344 2989 1434 3053; x_wconf 87' lang='lat' dir='ltr'>quac</span> <span class='ocrx_word' id='word_1_168' title='bbox 1453 2978 1506 3035; x_wconf 83' lang='lat' dir='ltr'>est</span> <span class='ocrx_word' id='word_1_169' title='bbox 1521 2966 1557 3035; x_wconf 92' lang='lat' dir='ltr'>in</span> 
     </span>
     <span class='ocr_line' id='line_1_23' title="bbox 331 3081 1559 3176; baseline -0.005 -22"><span class='ocrx_word' id='word_1_170' title='bbox 331 3087 397 3154; x_wconf 84' lang='lat' dir='ltr'>X.⁰</span> <span class='ocrx_word' id='word_1_171' title='bbox 416 3087 512 3176; x_wconf 78' lang='lat' dir='ltr'>jesu,</span> <span class='ocrx_word' id='word_1_172' title='bbox 539 3083 841 3175; x_wconf 73' lang='lat' dir='ltr'>cumulatissimum</span> <span class='ocrx_word' id='word_1_173' title='bbox 863 3083 1001 3174; x_wconf 81' lang='lat' dir='ltr'>nomine</span> <span class='ocrx_word' id='word_1_174' title='bbox 1023 3083 1136 3157; x_wconf 83' lang='lat' dir='ltr'>Patris</span> <span class='ocrx_word' id='word_1_175' title='bbox 1155 3081 1414 3150; x_wconf 82' lang='lat' dir='ltr'>nostri-domini</span> <span class='ocrx_word' id='word_1_176' title='bbox 1435 3084 1559 3170; x_wconf 83' lang='lat' dir='ltr'>Ignatii</span> 
     </span>
     <span class='ocr_line' id='line_1_24' title="bbox 329 3184 1559 3285; baseline -0.004 -14"><span class='ocrx_word' id='word_1_177' title='bbox 329 3213 366 3271; x_wconf 86' lang='lat' dir='ltr'>et</span> <span class='ocrx_word' id='word_1_178' title='bbox 387 3203 542 3268; x_wconf 85' lang='lat' dir='ltr'>nostrum</span> <span class='ocrx_word' id='word_1_179' title='bbox 565 3199 719 3268; x_wconf 89' lang='lat' dir='ltr'>omnium</span> <span class='ocrx_word' id='word_1_180' title='bbox 740 3200 879 3280; x_wconf 83' lang='lat' dir='ltr'>referes,</span> <span class='ocrx_word' id='word_1_181' title='bbox 902 3184 940 3265; x_wconf 77' lang='lat' dir='ltr'>ut</span> <span class='ocrx_word' id='word_1_182' title='bbox 959 3198 1016 3267; x_wconf 89' lang='lat' dir='ltr'>cui</span> <span class='ocrx_word' id='word_1_183' title='bbox 1036 3198 1221 3285; x_wconf 86' lang='lat' dir='ltr'>singularis</span> <span class='ocrx_word' id='word_1_184' title='bbox 1241 3199 1367 3266; x_wconf 89' lang='lat' dir='ltr'>amoris</span> <span class='ocrx_word' id='word_1_185' title='bbox 1387 3199 1423 3268; x_wconf 87' lang='lat' dir='ltr'>in</span> <span class='ocrx_word' id='word_1_186' title='bbox 1438 3199 1559 3268; x_wconf 86' lang='lat' dir='ltr'>eodem</span> 
     </span>
     <span class='ocr_line' id='line_1_25' title="bbox 332 3302 1467 3407; baseline -0.004 -21"><span class='ocrx_word' id='word_1_187' title='bbox 332 3317 397 3386; x_wconf 85' lang='lat' dir='ltr'>X.⁰</span> <span class='ocrx_word' id='word_1_188' title='bbox 408 3321 492 3407; x_wconf 91' lang='lat' dir='ltr'>Jesu</span> <span class='ocrx_word' id='word_1_189' title='bbox 508 3314 763 3383; x_wconf 85' lang='lat' dir='ltr'>vicisitudinern</span> <span class='ocrx_word' id='word_1_190' title='bbox 778 3326 814 3382; x_wconf 88' lang='lat' dir='ltr'>et</span> <span class='ocrx_word' id='word_1_191' title='bbox 829 3302 1089 3405; x_wconf 84' lang='lat' dir='ltr'>venerationem</span> <span class='ocrx_word' id='word_1_192' title='bbox 1111 3335 1232 3382; x_wconf 86' lang='lat' dir='ltr'>ornnes</span> <span class='ocrx_word' id='word_1_193' title='bbox 1246 3313 1423 3382; x_wconf 81' lang='lat' dir='ltr'>debemus.</span> <span class='ocrx_word' id='word_1_194' title='bbox 1462 3305 1467 3313; x_wconf 77' lang='grc'><strong><em>’</em></strong></span> 
     </span>
    </p>

    <p class='ocr_par' dir='ltr' id='par_1_12' title="bbox 332 3426 1602 3752">
     <span class='ocr_line' id='line_1_26' title="bbox 399 3426 1602 3532; baseline -0.001 -34"><span class='ocrx_word' id='word_1_195' title='bbox 399 3432 504 3520; x_wconf 78' lang='lat' dir='ltr'>Quod</span> <span class='ocrx_word' id='word_1_196' title='bbox 520 3433 563 3500; x_wconf 91' lang='lat' dir='ltr'>ad</span> <span class='ocrx_word' id='word_1_197' title='bbox 580 3431 776 3498; x_wconf 87' lang='lat' dir='ltr'>memoriam</span> <span class='ocrx_word' id='word_1_198' title='bbox 792 3429 999 3498; x_wconf 85' lang='lat' dir='ltr'>Germaniae</span> <span class='ocrx_word' id='word_1_199' title='bbox 1014 3441 1050 3496; x_wconf 91' lang='lat' dir='ltr'>et</span> <span class='ocrx_word' id='word_1_200' title='bbox 1064 3428 1296 3516; x_wconf 83' lang='lat' dir='ltr'>operariorum</span> <span class='ocrx_word' id='word_1_201' title='bbox 1313 3430 1504 3516; x_wconf 89' lang='lat' dir='ltr'>aliquorum</span> <span class='ocrx_word' id='word_1_202' title='bbox 1515 3426 1569 3497; x_wconf 85' lang='lat' dir='ltr'>ad&#39;</span> <span class='ocrx_word' id='word_1_203' title='bbox 1595 3514 1602 3532; x_wconf 32' lang='grc' dir='ltr'>ἱ</span> 
     </span>
     <span class='ocr_line' id='line_1_27' title="bbox 332 3532 1559 3642; baseline -0.004 -26"><span class='ocrx_word' id='word_1_204' title='bbox 332 3571 408 3616; x_wconf 84' lang='lat' dir='ltr'>eam</span> <span class='ocrx_word' id='word_1_205' title='bbox 426 3537 669 3642; x_wconf 76' lang='lat' dir='ltr'>mittendorum</span> <span class='ocrx_word' id='word_1_206' title='bbox 685 3568 816 3640; x_wconf 84' lang='lat' dir='ltr'>curam,</span> <span class='ocrx_word' id='word_1_207' title='bbox 839 3546 926 3614; x_wconf 82' lang='lat' dir='ltr'>sci&#39;at</span> <span class='ocrx_word' id='word_1_208' title='bbox 945 3545 1021 3614; x_wconf 89' lang='lat' dir='ltr'>eius</span> <span class='ocrx_word' id='word_1_209' title='bbox 1041 3532 1238 3633; x_wconf 87' lang='lat' dir='ltr'>paternitas,</span> <span class='ocrx_word' id='word_1_210' title='bbox 1261 3567 1447 3634; x_wconf 87' lang='lat' dir='ltr'>numquam</span> <span class='ocrx_word' id='word_1_211' title='bbox 1468 3545 1559 3618; x_wconf 87' lang='lat' dir='ltr'>illam</span> 
     </span>
     <span class='ocr_line' id='line_1_28' title="bbox 334 3660 1562 3752; baseline -0.002 -21"><span class='ocrx_word' id='word_1_212' title='bbox 334 3663 504 3752; x_wconf 86' lang='lat' dir='ltr'>preposito</span> <span class='ocrx_word' id='word_1_213' title='bbox 520 3673 639 3731; x_wconf 88' lang='lat' dir='ltr'>nostro</span> <span class='ocrx_word' id='word_1_214' title='bbox 655 3662 862 3733; x_wconf 84' lang='lat' dir='ltr'>defuturam.</span> <span class='ocrx_word' id='word_1_215' title='bbox 883 3663 995 3750; x_wconf 84' lang='lat' dir='ltr'>Urget</span> <span class='ocrx_word' id='word_1_216' title='bbox 1010 3660 1102 3729; x_wconf 89' lang='lat' dir='ltr'>enirn</span> <span class='ocrx_word' id='word_1_217' title='bbox 1116 3660 1161 3728; x_wconf 92' lang='lat' dir='ltr'>ad</span> <span class='ocrx_word' id='word_1_218' title='bbox 1176 3660 1211 3727; x_wconf 87' lang='lat' dir='ltr'>id</span> <span class='ocrx_word' id='word_1_219' title='bbox 1226 3660 1375 3729; x_wconf 86' lang='lat' dir='ltr'>charitas</span> <span class='ocrx_word' id='word_1_220' title='bbox 1395 3660 1463 3742; x_wconf 51' lang='lat' dir='ltr'>xj,</span> <span class='ocrx_word' id='word_1_221' title='bbox 1481 3661 1562 3729; x_wconf 85' lang='lat' dir='ltr'>licet</span> 
     </span>
    </p>
   </div>
   <div class='ocr_carea' id='block_1_9' title="bbox 333 3811 532 3826">
    <p class='ocr_par' dir='ltr' id='par_1_13' title="bbox 333 3811 532 3826">
     <span class='ocr_line' id='line_1_29' title="bbox 333 3811 532 3826; baseline -0.01 0"><span class='ocrx_word' id='word_1_222' title='bbox 333 3811 532 3826; x_wconf 43' lang='grc' dir='ltr'>*ἐ</span> 
     </span>
    </p>
   </div>
   <div class='ocr_carea' id='block_1_10' title="bbox 320 3893 1563 4242">
    <p class='ocr_par' dir='ltr' id='par_1_14' title="bbox 320 3893 781 3956">
     <span class='ocr_line' id='line_1_30' title="bbox 320 3893 781 3956; baseline -0.002 -8"><span class='ocrx_word' id='word_1_223' title='bbox 320 3927 337 3948; x_wconf 69' lang='lat'>,·</span> <span class='ocrx_word' id='word_1_224' title='bbox 384 3899 399 3932; x_wconf 55' lang='grc' dir='ltr'><strong>θ</strong></span> <span class='ocrx_word' id='word_1_225' title='bbox 434 3894 539 3951; x_wconf 88' lang='lat' dir='ltr'>Petrus</span> <span class='ocrx_word' id='word_1_226' title='bbox 551 3893 590 3950; x_wconf 88' lang='lat' dir='ltr'>de</span> <span class='ocrx_word' id='word_1_227' title='bbox 602 3893 719 3949; x_wconf 83' lang='lat' dir='ltr'>Toleto</span> <span class='ocrx_word' id='word_1_228' title='bbox 775 3945 781 3956; x_wconf 80' lang='grc'><strong>,</strong></span> 
     </span>
    </p>

    <p class='ocr_par' dir='ltr' id='par_1_15' title="bbox 330 3960 1563 4227">
     <span class='ocr_line' id='line_1_31' title="bbox 368 3960 1563 4060; baseline -0.003 -18.954"><span class='ocrx_word' id='word_1_229' title='bbox 368 3987 398 4020; x_wconf 75' lang='lat'><em>⁵</em></span> <span class='ocrx_word' id='word_1_230' title='bbox 434 3983 468 4040; x_wconf 91' lang='lat' dir='ltr'>ld</span> <span class='ocrx_word' id='word_1_231' title='bbox 485 3993 541 4053; x_wconf 85' lang='lat' dir='ltr'>est,</span> <span class='ocrx_word' id='word_1_232' title='bbox 556 3991 689 4055; x_wconf 88' lang='lat' dir='ltr'>ternpore</span> <span class='ocrx_word' id='word_1_233' title='bbox 700 3979 804 4036; x_wconf 84' lang='lat' dir='ltr'>medio</span> <span class='ocrx_word' id='word_1_234' title='bbox 820 3980 859 4035; x_wconf 86' lang='lat' dir='ltr'>ab</span> <span class='ocrx_word' id='word_1_235' title='bbox 874 3977 1006 4035; x_wconf 84' lang='lat' dir='ltr'>adventu</span> <span class='ocrx_word' id='word_1_236' title='bbox 1022 3960 1219 4060; x_wconf 77' lang='lat' dir='ltr'>Bobtdillae</span> <span class='ocrx_word' id='word_1_237' title='bbox 1210 3993 1241 4034; x_wconf 90' lang='grc' dir='ltr'>ιιι</span> <span class='ocrx_word' id='word_1_238' title='bbox 1257 3994 1381 4051; x_wconf 76' lang='lat' dir='ltr'>regnum</span> <span class='ocrx_word' id='word_1_239' title='bbox 1403 3977 1563 4052; x_wconf 78' lang='lat' dir='ltr'>neapolita-</span> 
     </span>
     <span class='ocr_line' id='line_1_32' title="bbox 332 4037 1563 4166; baseline -0.003 -34"><span class='ocrx_word' id='word_1_240' title='bbox 332 4091 402 4132; x_wconf 86' lang='lat' dir='ltr'>num</span> <span class='ocrx_word' id='word_1_241' title='bbox 416 4072 474 4129; x_wconf 89' lang='lat' dir='ltr'>ad</span> <span class='ocrx_word' id='word_1_242' title='bbox 466 4073 582 4130; x_wconf 79' lang='lat' dir='ltr'>initium</span> <span class='ocrx_word' id='word_1_243' title='bbox 594 4068 872 4166; x_wconf 55' lang='lat' dir='ltr'>quadragesimales</span> <span class='ocrx_word' id='word_1_244' title='bbox 863 4085 894 4124; x_wconf 87' lang='grc' dir='ltr'>ιιι</span> <span class='ocrx_word' id='word_1_245' title='bbox 906 4067 985 4148; x_wconf 86' lang='lat' dir='ltr'>quod</span> <span class='ocrx_word' id='word_1_246' title='bbox 999 4076 1116 4140; x_wconf 84' lang='lat' dir='ltr'>tempus</span> <span class='ocrx_word' id='word_1_247' title='bbox 1128 4037 1317 4124; x_wconf 78' lang='lat' dir='ltr'>bacchanalia</span> <span class='ocrx_word' id='word_1_248' title='bbox 1328 4065 1472 4140; x_wconf 81' lang='lat' dir='ltr'>incidunt,</span> <span class='ocrx_word' id='word_1_249' title='bbox 1490 4069 1563 4128; x_wconf 81' lang='lat' dir='ltr'>ami·</span> 
     </span>
     <span class='ocr_line' id='line_1_33' title="bbox 330 4152 1428 4242; baseline -0.007 -23"><span class='ocrx_word' id='word_1_250' title='bbox 330 4181 383 4220; x_wconf 83' lang='lat' dir='ltr'>cos</span> <span class='ocrx_word' id='word_1_251' title='bbox 396 4163 452 4218; x_wconf 84' lang='lat' dir='ltr'>sibi</span> <span class='ocrx_word' id='word_1_252' title='bbox 466 4159 618 4234; x_wconf 82' lang='lat' dir='ltr'>Bobadilla</span> <span class='ocrx_word' id='word_1_253' title='bbox 630 4152 814 4217; x_wconf 85' lang='lat' dir='ltr'>conciliabit.</span> <span class='ocrx_word' id='word_1_254' title='bbox 832 4155 977 4214; x_wconf 80' lang='lat' dir='ltr'>Videatur</span> <span class='ocrx_word' id='word_1_255' title='bbox 985 4155 1172 4242; x_wconf 58' lang='lat' dir='ltr'>Postumus³</span> <span class='ocrx_word' id='word_1_256' title='bbox 1188 4155 1314 4226; x_wconf 71' lang='lat' dir='ltr'>Cliton,</span> <span class='ocrx_word' id='word_1_257' title='bbox 1326 4157 1341 4212; x_wconf 93' lang='lat'>1</span> <span class='ocrx_word' id='word_1_258' title='bbox 1344 4155 1428 4227; x_wconf 75' lang='lat'><strong>,.389</strong></span> 
     </span>
    </p>
   </div>
   <div class='ocr_carea' id='block_1_11' title="bbox 385 4327 1563 4434">
    <p class='ocr_par' dir='ltr' id='par_1_16' title="bbox 385 4327 1563 4434">
     <span class='ocr_line' id='line_1_34' title="bbox 385 4327 1563 4434; baseline -0.001 -39"><span class='ocrx_word' id='word_1_259' title='bbox 385 4342 394 4375; x_wconf 91' lang='lat'>¹</span> <span class='ocrx_word' id='word_1_260' title='bbox 434 4341 477 4397; x_wconf 87' lang='lat' dir='ltr'>Ex</span> <span class='ocrx_word' id='word_1_261' title='bbox 494 4339 687 4412; x_wconf 81' lang='lat' dir='ltr'>autographo,</span> <span class='ocrx_word' id='word_1_262' title='bbox 695 4335 748 4406; x_wconf 80' lang='lat' dir='ltr'>ip</span> <span class='ocrx_word' id='word_1_263' title='bbox 745 4335 837 4414; x_wconf 61' lang='lat' dir='ltr'>(lori.¹</span> <span class='ocrx_word' id='word_1_264' title='bbox 850 4333 954 4430; x_wconf 74' lang='lat' dir='ltr'>Calon.</span> <span class='ocrx_word' id='word_1_265' title='bbox 971 4333 1000 4398; x_wconf 82' lang='lat' dir='ltr'>t,</span> <span class='ocrx_word' id='word_1_266' title='bbox 1018 4332 1071 4390; x_wconf 81' lang='lat' dir='ltr'>iol</span> <span class='ocrx_word' id='word_1_267' title='bbox 1085 4333 1129 4434; x_wconf 70' lang='lat' dir='ltr'>ab.</span> <span class='ocrx_word' id='word_1_268' title='bbox 1146 4327 1262 4388; x_wconf 87' lang='lat' dir='ltr'>Partem</span> <span class='ocrx_word' id='word_1_269' title='bbox 1277 4329 1356 4389; x_wconf 76' lang='lat' dir='ltr'>ithus</span> <span class='ocrx_word' id='word_1_270' title='bbox 1369 4333 1464 4392; x_wconf 78' lang='lat' dir='ltr'>edtdtt</span> <span class='ocrx_word' id='word_1_271' title='bbox 1476 4336 1563 4394; x_wconf 72' lang='lat' dir='ltr'>Hau</span> 
     </span>
    </p>
   </div>
   <div class='ocr_carea' id='block_1_12' title="bbox 330 4423 1563 4590">
    <p class='ocr_par' dir='ltr' id='par_1_17' title="bbox 330 4423 1549 4587">
     <span class='ocr_line' id='line_1_35' title="bbox 330 4423 831 4503; baseline -0.014 -17"><span class='ocrx_word' id='word_1_272' title='bbox 330 4443 393 4488; x_wconf 75' lang='lat' dir='ltr'>suu</span> <span class='ocrx_word' id='word_1_273' title='bbox 395 4446 466 4503; x_wconf 71' lang='grc' dir='ltr'>,ομ</span> <span class='ocrx_word' id='word_1_274' title='bbox 480 4430 531 4490; x_wconf 85' lang='lat' dir='ltr'>cit.</span> <span class='ocrx_word' id='word_1_275' title='bbox 537 4443 632 4501; x_wconf 83' lang='lat' dir='ltr'>‚page</span> <span class='ocrx_word' id='word_1_276' title='bbox 660 4423 710 4496; x_wconf 82' lang='lat'>146</span> <span class='ocrx_word' id='word_1_277' title='bbox 723 4433 754 4480; x_wconf 81' lang='lat' dir='ltr'>et</span> <span class='ocrx_word' id='word_1_278' title='bbox 770 4435 831 4493; x_wconf 88' lang='lat'>147.</span> 
     </span>
     <span class='ocr_line' id='line_1_36' title="bbox 385 4510 1563 4590; baseline -0.002 -16"><span class='ocrx_word' id='word_1_279' title='bbox 385 4523 397 4555; x_wconf 77' lang='lat'>¹</span> <span class='ocrx_word' id='word_1_280' title='bbox 435 4521 497 4590; x_wconf 84' lang='lat' dir='ltr'>Est,</span> <span class='ocrx_word' id='word_1_281' title='bbox 512 4517 648 4575; x_wconf 81' lang='lat' dir='ltr'>laudatus</span> <span class='ocrx_word' id='word_1_282' title='bbox 661 4529 754 4587; x_wconf 82' lang='lat' dir='ltr'>saepe</span> <span class='ocrx_word' id='word_1_283' title='bbox 763 4513 794 4569; x_wconf 88' lang='lat' dir='ltr'>in</span> <span class='ocrx_word' id='word_1_284' title='bbox 807 4511 917 4568; x_wconf 80' lang='lat' dir='ltr'>nostris</span> <span class='ocrx_word' id='word_1_285' title='bbox 930 4511 1139 4583; x_wconf 84' lang='lat' dir='ltr'>monumentis,</span> <span class='ocrx_word' id='word_1_286' title='bbox 1154 4510 1306 4569; x_wconf 82' lang='lat' dir='ltr'>Gerardus</span> <span class='ocrx_word' id='word_1_287' title='bbox 1316 4511 1563 4588; x_wconf 64' lang='lat' dir='ltr'>Hammonem,</span> 
     </span>
    </p>
   </div>
   <div class='ocr_carea' id='block_1_13' title="bbox 331 4601 1072 4690">
    <p class='ocr_par' dir='ltr' id='par_1_18' title="bbox 331 4601 1072 4690">
     <span class='ocr_line' id='line_1_37' title="bbox 331 4601 1072 4690; baseline -0.015 -24"><span class='ocrx_word' id='word_1_288' title='bbox 331 4609 491 4666; x_wconf 75' lang='lat' dir='ltr'>Societatts</span> <span class='ocrx_word' id='word_1_289' title='bbox 503 4609 609 4664; x_wconf 82' lang='lat' dir='ltr'>fautor</span> <span class='ocrx_word' id='word_1_290' title='bbox 624 4605 701 4668; x_wconf 88' lang='lat' dir='ltr'>Vide</span> <span class='ocrx_word' id='word_1_291' title='bbox 715 4618 815 4690; x_wconf 75' lang='lat' dir='ltr'>supra</span> <span class='ocrx_word' id='word_1_292' title='bbox 821 4601 933 4676; x_wconf 83' lang='lat'><strong>1,526.</strong></span> <span class='ocrx_word' id='word_1_293' title='bbox 989 4651 999 4659; x_wconf 85' lang='lat'><em>.</em></span> <span class='ocrx_word' id='word_1_294' title='bbox 1029 4649 1035 4656; x_wconf 84' lang='lat'>.</span> <span class='ocrx_word' id='word_1_295' title='bbox 1068 4641 1072 4648; x_wconf 83' lang='lat'>.</span> 
     </span>
    </p>
   </div>
   <div class='ocr_carea' id='block_1_14' title="bbox 0 0 1829 5364">
    <p class='ocr_par' dir='ltr' id='par_1_19' title="bbox 0 0 1829 5364">
     <span class='ocr_line' id='line_1_38' title="bbox 0 0 1829 5364; baseline 0 0"><span class='ocrx_word' id='word_1_296' title='bbox 0 0 1829 5364; x_wconf 95' lang='lat' dir='ltr'> </span> 
     </span>
    </p>
   </div>
  </div>
 </body>
</html>
