3625 5375
1444 272 1453 312 1

535 442 538 449 ,
574 390 678 446 Errsr.
698 369 816 461 usn-22
837 391 1024 446 Ducanaris
1045 402 1114 460 1549
1366 388 1419 444 601

231 541 427 619 sollicitudo
450 562 512 628 pro
534 544 757 628 subrogando
780 541 979 629 praesertim
1004 540 1180 629 pontifice,
1199 552 1238 607 vt
1257 541 1293 608 in
1315 564 1351 609 re
1371 540 1462 608 sumi
1556 524 1559 527 ⁴

231 658 394 725 momenti
411 659 454 723 ad
471 660 575 723 totius
591 656 799 745 reipublicae
816 656 1022 726 christianae
1042 657 1321 726 reformationem
1341 676 1384 723 ac
1405 678 1463 723 sa·

232 773 349 839 lutem.
365 772 468 839 Domi
480 773 618 858 quidem
638 784 787 854 nostrae,
802 775 845 839 ab
857 772 955 839 obitu
966 772 1056 841 sumi
1067 773 1252 859 pontificis,
1266 776 1333 839 hoc
1346 772 1463 859 agitur
1504 801 1508 810 ⁴

231 888 386 955 omnium
403 888 626 984 orationibus,
642 900 678 957 et
688 879 801 955 missis
813 890 913 976 (quae
924 889 969 957 de
980 888 1111 975 Spiritu
1122 901 1243 957 sancto
1256 892 1329 958 fere
1341 910 1462 955 omnes

229 1003 416 1087 dicuntur),
440 1014 475 1069 et
496 1003 570 1071 aliis
590 1004 655 1090 piis
676 1002 797 1071 mediis
817 1005 860 1070 ad
883 1007 973 1071 hanc
995 1003 1141 1091 gratiam
1157 1026 1177 1071 a
1193 1003 1462 1072 clementissimo
1485 1029 1492 1045 ·

233 1121 336 1187 Patre
352 1118 660 1187 misericordiarum
684 1142 747 1206 pro
764 1111 949 1189 VniuersaIi
965 1118 1112 1187 ecclesia
1128 1120 1389 1206 impetrandam.
1409 1121 1462 1186 De

230 1246 361 1315 cetero,
388 1236 541 1303 valemus
561 1257 679 1303 omnes
700 1235 735 1301 in
756 1235 917 1316 Domino,
940 1246 974 1301 et
990 1234 1113 1302 vestris
1129 1234 1342 1301 orationibus
1362 1232 1464 1303 enixe

233 1370 296 1417 nos
319 1351 576 1419 comendamus,
595 1350 717 1419 Valete
738 1352 774 1417 in
789 1350 929 1434 domino
949 1352 1032 1438 Jesu
1053 1353 1118 1417 X.⁰
1141 1350 1199 1436 qui
1222 1350 1337 1419 omnia
1360 1351 1406 1417 sit
1427 1350 1464 1416 in

233 1465 391 1532 omnibus
408 1466 518 1533 nobis.
535 1466 664 1535 Amen.
885 1440 890 1451 ⁸

300 1584 427 1649 Romae
444 1600 463 1648 2
481 1582 681 1651 Dezembris
700 1598 799 1671 1549.
840 1650 844 1657 ,

300 1698 485 1785 Inscriptio
500 1700 571 1765 olio
587 1720 705 1765 manu.
726 1700 834 1785 Copia
850 1698 1014 1785 epistolae
1030 1698 1223 1765 trasmissae
1239 1700 1284 1765 D.
1303 1697 1464 1766 Cornelio

232 1825 268 1879 et
285 1816 389 1883 Mtro.
407 1815 580 1917 Andreae.

810 1986 888 2070 956

236 2130 305 2197 ΡΡ.
324 2130 540 2197 AnRIANO
558 2130 755 2197 ADRlANl
771 2130 830 2195 ET
842 2128 1082 2195 CORNELIO
1096 2128 1463 2196 BROGHELMANO

220 2258 227 2277 “
751 2261 802 2315 Ex
822 2259 949 2317 COMM.

626 2389 746 2433 1101111
763 2386 945 2433 nncnunms
965 2388 1035 2447 ¹549
1052 2377 1071 2435 ¹.

232 2505 277 2562 Dc
287 2506 413 2561 Andron
427 2500 839 2559 Siderea-Constitutione
851 2502 1036 2557 lovaniensia
1047 2502 1222 2558 affluentiae
1234 2503 1462 2560 denarrantur.

301 2628 404 2716 Quod
421 2630 543 2697 attinet
556 2628 600 2696 ad
615 2626 753 2696 Domini
770 2628 931 2696 Andreae
942 2626 1221 2714 predicationem,
1238 2630 1341 2695 Pater
1352 2628 1389 2695 111
1400 2630 1466 2696 X.⁰

234 2759 351 2814 noster
367 2747 528 2814 dominus
550 2744 704 2832 ignatius
725 2755 877 2812 vestrum
898 2742 1076 2810 arbitrium
1097 2744 1111 2776 ²
1131 2743 1225 2826 facit,
1247 2744 1304 2810 cui
1327 2744 1466 2812 obedire

207 2951 208 2956 ἵ
234 2865 278 2932 D.
297 2864 459 2930 Andreas
474 2861 626 2942 debebit,
646 2861 675 2926 si
695 2859 832 2944 quidem
854 2859 888 2925 in
911 2859 1025 2926 animo
1046 2860 1152 2924 habet
1174 2859 1241 2945 ipsi
1260 2862 1305 2926 D.
1330 2860 1466 2946 Ignatio

234 2979 385 3047 obedire.
405 2981 477 3045 Vos
493 2998 589 3063 ergo,
608 2975 674 3044 Dei
689 2975 835 3062 gloriam
852 2985 887 3042 et
907 2974 1158 3042 edificationem
1179 2974 1412 3060 proximorum
1432 2987 1468 3042 et

235 3095 341 3182 ipsius
357 3094 576 3162 deuotionem
594 3104 673 3160 ante
689 3093 807 3158 oculos
822 3102 1002 3176 ponentes,
1017 3089 1100 3174 quid
1115 3090 1275 3176 expediat
1286 3112 1327 3157 ea
1340 3091 1374 3156 in
1387 3113 1466 3176 par--

235 3221 318 3279 teet
335 3220 505 3294 quatenus
522 3207 716 3275 discernite.
731 3206 840 3273 Nobis
856 3204 960 3287 enim,
978 3205 1007 3275 si
1024 3205 1121 3272 vobis
1133 3227 1203 3272 non
1220 3206 1465 3292 acquiesceret,

235 3326 318 3412 quin
334 3325 476 3411 spiritus
493 3345 561 3390 non
578 3333 669 3392 esset
685 3344 704 3389 a
719 3325 806 3403 Dec,
822 3319 965 3388 dubium
981 3343 1057 3388 esse
1073 3343 1143 3388 non
1156 3333 1282 3408 posset.

302 3426 576 3508 Constitutiones
596 3437 830 3504 vniuersitatis
850 3436 1059 3504 louaniensis
1080 3437 1226 3505 libenter
1245 3437 1378 3506 videret
1400 3440 1467 3504 Pa-

237 3567 289 3624 ter
314 3555 349 3622 in
375 3555 435 3622 X.⁰
463 3567 580 3622 noster
607 3552 774 3640 Ignatius;
801 3563 835 3622 et
858 3552 886 3619 si
903 3551 1076 3638 excriptas
1097 3555 1202 3639 (certe
1219 3554 1333 3638 quoad
1354 3573 1473 3636 rerum,

235 3673 347 3760 capita
365 3671 538 3758 precipua)
556 3671 600 3738 ad
616 3691 678 3736 nos
691 3668 961 3751 transmiseritis,
976 3691 1047 3736 rem
1060 3667 1095 3734 in
1108 3667 1260 3735 Domino
1272 3678 1467 3754 pergratam

237 3787 398 3857 feceritis.

240 3930 449 3942 -ι-

291 4005 297 4035 ¹
337 4004 381 4057 Ex
399 4000 576 4057 adversariis
594 3997 783 4070 autographis
802 3999 835 4053 P.
854 3997 985 4066 Polanci,
1004 3997 1034 4053 in
1051 3996 1154 4053 codice
1173 3999 1274 4069 Epist.
1288 3997 1417 4053 Polanci
1433 4015 1470 4053 cx

236 4111 354 4156 comm„
367 4110 396 4146 11.
410 4090 472 4162 108,
486 4090 567 4163 prius
580 4089 631 4146 101.
645 4100 696 4143 110
709 4085 761 4158 (2.“
775 4087 862 4156 loco).

289 4185 299 4216 ²
339 4180 501 4236 Arbitrium
522 4179 637 4234 scilicet
654 4177 774 4232 Patrum
793 4175 914 4232 Adriani
933 4185 965 4232 et
981 4176 1206 4245 Brogheimani.
1223 4175 1299 4230 Vide
1313 4175 1469 4247 epistotam

239 4280 422 4344 sequentem.
