<?xml version="1.0" encoding="UTF-8"?>
<!DOCTYPE html PUBLIC "-//W3C//DTD XHTML 1.0 Transitional//EN"
    "http://www.w3.org/TR/xhtml1/DTD/xhtml1-transitional.dtd">
<html xmlns="http://www.w3.org/1999/xhtml" xml:lang="en" lang="en">
 <head>
  <title>
</title>
<meta http-equiv="Content-Type" content="text/html;charset=utf-8" />
  <meta name='ocr-system' content='tesseract 3.04.00' />
  <meta name='ocr-capabilities' content='ocr_page ocr_carea ocr_par ocr_line ocrx_word'/>
</head>
<body>
  <div class='ocr_page' id='page_1' title='image "./monumentaignati05ignagoog/monumentaignati05ignagoog_0012.png"; bbox 0 0 3625 5375; ppageno 0'>
   <div class='ocr_carea' id='block_1_1' title="bbox 359 561 1145 621">
    <p class='ocr_par' dir='ltr' id='par_1_1' title="bbox 359 561 1145 621">
     <span class='ocr_line' id='line_1_1' title="bbox 359 561 1145 621; baseline -0.008 0"><span class='ocrx_word' id='word_1_1' title='bbox 359 571 378 621; x_wconf 87' lang='lat' dir='ltr'><strong>o</strong></span> <span class='ocrx_word' id='word_1_2' title='bbox 739 564 948 621; x_wconf 74' lang='lat' dir='ltr'><strong>Maroneum</strong></span> <span class='ocrx_word' id='word_1_3' title='bbox 967 561 1145 617; x_wconf 76' lang='lat' dir='ltr'><strong>lcunrrnun</strong></span> 
     </span>
    </p>
   </div>
   <div class='ocr_carea' id='block_1_2' title="bbox 326 712 1591 1958">
    <p class='ocr_par' dir='ltr' id='par_1_2' title="bbox 326 712 1562 1149">
     <span class='ocr_line' id='line_1_2' title="bbox 326 712 1559 805; baseline -0.006 -20"><span class='ocrx_word' id='word_1_4' title='bbox 326 733 387 785; x_wconf 92' lang='lat' dir='ltr'><strong>aut</strong></span> <span class='ocrx_word' id='word_1_5' title='bbox 403 738 596 805; x_wconf 83' lang='lat' dir='ltr'>cognomen</span> <span class='ocrx_word' id='word_1_6' title='bbox 613 717 760 803; x_wconf 87' lang='lat' dir='ltr'><strong>alicujus</strong></span> <span class='ocrx_word' id='word_1_7' title='bbox 775 715 840 781; x_wconf 88' lang='lat' dir='ltr'><strong>viri</strong></span> <span class='ocrx_word' id='word_1_8' title='bbox 856 714 1045 802; x_wconf 88' lang='lat' dir='ltr'><strong>proprium,</strong></span> <span class='ocrx_word' id='word_1_9' title='bbox 1059 712 1094 779; x_wconf 93' lang='lat' dir='ltr'><strong>in</strong></span> <span class='ocrx_word' id='word_1_10' title='bbox 1107 714 1249 799; x_wconf 83' lang='lat' dir='ltr'><strong>epistola</strong></span> <span class='ocrx_word' id='word_1_11' title='bbox 1265 712 1559 800; x_wconf 64' lang='lat' dir='ltr'><strong>praetermissum,</strong></span> 
     </span>
     <span class='ocr_line' id='line_1_3' title="bbox 327 828 1562 920; baseline -0.002 -22"><span class='ocrx_word' id='word_1_12' title='bbox 327 834 383 902; x_wconf 88' lang='lat' dir='ltr'><strong>vel</strong></span> <span class='ocrx_word' id='word_1_13' title='bbox 404 832 580 920; x_wconf 76' lang='lat' dir='ltr'><strong>periodum</strong></span> <span class='ocrx_word' id='word_1_14' title='bbox 602 842 661 898; x_wconf 91' lang='lat' dir='ltr'><strong>aut</strong></span> <span class='ocrx_word' id='word_1_15' title='bbox 688 854 759 899; x_wconf 86' lang='lat' dir='ltr'><strong>rem</strong></span> <span class='ocrx_word' id='word_1_16' title='bbox 786 832 952 917; x_wconf 77' lang='lat' dir='ltr'>aliquam,</span> <span class='ocrx_word' id='word_1_17' title='bbox 979 852 1079 915; x_wconf 89' lang='lat' dir='ltr'><strong>quarn</strong></span> <span class='ocrx_word' id='word_1_18' title='bbox 1105 830 1268 917; x_wconf 88' lang='lat' dir='ltr'><strong>epistolae</strong></span> <span class='ocrx_word' id='word_1_19' title='bbox 1289 829 1440 898; x_wconf 87' lang='lat' dir='ltr'><strong>inserere</strong></span> <span class='ocrx_word' id='word_1_20' title='bbox 1459 828 1562 915; x_wconf 85' lang='lat' dir='ltr'><strong>prius</strong></span> 
     </span>
     <span class='ocr_line' id='line_1_4' title="bbox 327 944 1553 1037; baseline -0.005 -21"><span class='ocrx_word' id='word_1_21' title='bbox 327 950 518 1037; x_wconf 86' lang='lat' dir='ltr'><strong>cogitatum</strong></span> <span class='ocrx_word' id='word_1_22' title='bbox 539 948 617 1029; x_wconf 80' lang='lat' dir='ltr'><strong>suit,</strong></span> <span class='ocrx_word' id='word_1_23' title='bbox 635 961 670 1016; x_wconf 93' lang='lat' dir='ltr'><strong>et</strong></span> <span class='ocrx_word' id='word_1_24' title='bbox 694 958 812 1035; x_wconf 89' lang='lat' dir='ltr'><strong>postea</strong></span> <span class='ocrx_word' id='word_1_25' title='bbox 836 969 907 1013; x_wconf 91' lang='lat' dir='ltr'><strong>non</strong></span> <span class='ocrx_word' id='word_1_26' title='bbox 934 945 1157 1032; x_wconf 84' lang='lat' dir='ltr'><strong>scripserunt,</strong></span> <span class='ocrx_word' id='word_1_27' title='bbox 1172 954 1255 1012; x_wconf 88' lang='lat' dir='ltr'><strong>tunc</strong></span> <span class='ocrx_word' id='word_1_28' title='bbox 1271 944 1443 1031; x_wconf 85' lang='lat' dir='ltr'><strong>integrum</strong></span> <span class='ocrx_word' id='word_1_29' title='bbox 1460 966 1553 1010; x_wconf 92' lang='lat' dir='ltr'><strong>sum-</strong></span> 
     </span>
     <span class='ocr_line' id='line_1_5' title="bbox 328 1060 1019 1149; baseline -0.006 -18"><span class='ocrx_word' id='word_1_30' title='bbox 328 1064 472 1131; x_wconf 90' lang='lat' dir='ltr'><strong>marium</strong></span> <span class='ocrx_word' id='word_1_31' title='bbox 488 1063 591 1130; x_wconf 89' lang='lat' dir='ltr'><strong>etiam</strong></span> <span class='ocrx_word' id='word_1_32' title='bbox 608 1062 772 1149; x_wconf 88' lang='lat' dir='ltr'><strong>epistolae</strong></span> <span class='ocrx_word' id='word_1_33' title='bbox 787 1060 1019 1147; x_wconf 86' lang='lat' dir='ltr'><strong>subjiciemus.</strong></span> 
     </span>
    </p>

    <p class='ocr_par' dir='ltr' id='par_1_3' title="bbox 327 1175 1591 1958">
     <span class='ocr_line' id='line_1_6' title="bbox 396 1175 1559 1265; baseline -0.002 -20"><span class='ocrx_word' id='word_1_34' title='bbox 396 1181 426 1265; x_wconf 84' lang='lat'><strong>3)</strong></span> <span class='ocrx_word' id='word_1_35' title='bbox 473 1180 650 1263; x_wconf 79' lang='lat' dir='ltr'>Frequens</span> <span class='ocrx_word' id='word_1_36' title='bbox 663 1190 715 1247; x_wconf 89' lang='lat' dir='ltr'><strong>est</strong></span> <span class='ocrx_word' id='word_1_37' title='bbox 728 1178 763 1243; x_wconf 92' lang='lat' dir='ltr'><strong>in</strong></span> <span class='ocrx_word' id='word_1_38' title='bbox 773 1180 943 1265; x_wconf 80' lang='lat' dir='ltr'><strong>Regestis,</strong></span> <span class='ocrx_word' id='word_1_39' title='bbox 956 1189 1035 1263; x_wconf 88' lang='lat' dir='ltr'><strong>post</strong></span> <span class='ocrx_word' id='word_1_40' title='bbox 1047 1177 1269 1245; x_wconf 88' lang='lat' dir='ltr'><strong>summarium</strong></span> <span class='ocrx_word' id='word_1_41' title='bbox 1282 1175 1458 1263; x_wconf 81' lang='lat' dir='ltr'><strong>epistolae,</strong></span> <span class='ocrx_word' id='word_1_42' title='bbox 1468 1196 1559 1260; x_wconf 82' lang='lat' dir='ltr'><strong>quae</strong></span> 
     </span>
     <span class='ocr_line' id='line_1_7' title="bbox 329 1292 1557 1383; baseline -0.003 -23"><span class='ocrx_word' id='word_1_43' title='bbox 329 1294 524 1383; x_wconf 88' lang='lat' dir='ltr'><strong>principalis</strong></span> <span class='ocrx_word' id='word_1_44' title='bbox 546 1305 701 1374; x_wconf 85' lang='lat' dir='ltr'><strong>vocatur,</strong></span> <span class='ocrx_word' id='word_1_45' title='bbox 725 1292 791 1359; x_wconf 89' lang='lat' dir='ltr'><strong>alia</strong></span> <span class='ocrx_word' id='word_1_46' title='bbox 810 1292 995 1360; x_wconf 88' lang='lat' dir='ltr'><strong>summaria</strong></span> <span class='ocrx_word' id='word_1_47' title='bbox 1014 1292 1160 1361; x_wconf 87' lang='lat' dir='ltr'><strong>inveniri</strong></span> <span class='ocrx_word' id='word_1_48' title='bbox 1181 1294 1383 1359; x_wconf 83' lang='lat' dir='ltr'><strong>schedarum</strong></span> <span class='ocrx_word' id='word_1_49' title='bbox 1405 1302 1465 1357; x_wconf 88' lang='lat' dir='ltr'><strong>aut</strong></span> <span class='ocrx_word' id='word_1_50' title='bbox 1484 1292 1557 1377; x_wconf 90' lang='lat' dir='ltr'><strong>epi-</strong></span> 
     </span>
     <span class='ocr_line' id='line_1_8' title="bbox 328 1406 1557 1495; baseline -0.005 -20"><span class='ocrx_word' id='word_1_51' title='bbox 328 1412 603 1495; x_wconf 82' lang='lat' dir='ltr'><strong>stolarum,quae</strong></span> <span class='ocrx_word' id='word_1_52' title='bbox 612 1407 776 1494; x_wconf 85' lang='lat' dir='ltr'><strong>epistolae</strong></span> <span class='ocrx_word' id='word_1_53' title='bbox 785 1408 1007 1476; x_wconf 88' lang='lat' dir='ltr'><strong>secundariae</strong></span> <span class='ocrx_word' id='word_1_54' title='bbox 1017 1406 1433 1493; x_wconf 64' lang='lat' dir='ltr'><strong>(hijuelasianostratibus</strong></span> <span class='ocrx_word' id='word_1_55' title='bbox 1442 1408 1557 1493; x_wconf 90' lang='lat' dir='ltr'><strong>appel·</strong></span> 
     </span>
     <span class='ocr_line' id='line_1_9' title="bbox 327 1522 1556 1610; baseline -0.002 -20"><span class='ocrx_word' id='word_1_56' title='bbox 327 1526 452 1605; x_wconf 86' lang='lat' dir='ltr'><strong>iantur,</strong></span> <span class='ocrx_word' id='word_1_57' title='bbox 472 1524 654 1592; x_wconf 87' lang='lat' dir='ltr'><strong>summaria</strong></span> <span class='ocrx_word' id='word_1_58' title='bbox 671 1546 793 1610; x_wconf 77' lang='lat' dir='ltr'><strong>nempe</strong></span> <span class='ocrx_word' id='word_1_59' title='bbox 813 1545 931 1589; x_wconf 79' lang='lat' dir='ltr'><strong>earum</strong></span> <span class='ocrx_word' id='word_1_60' title='bbox 943 1522 1148 1603; x_wconf 86' lang='lat' dir='ltr'><strong>litterarum,</strong></span> <span class='ocrx_word' id='word_1_61' title='bbox 1167 1544 1256 1609; x_wconf 90' lang='lat' dir='ltr'><strong>quae</strong></span> <span class='ocrx_word' id='word_1_62' title='bbox 1272 1524 1412 1609; x_wconf 84' lang='lat' dir='ltr'><strong>negotia</strong></span> <span class='ocrx_word' id='word_1_63' title='bbox 1424 1527 1556 1609; x_wconf 89' lang='lat' dir='ltr'><strong>privata</strong></span> 
     </span>
     <span class='ocr_line' id='line_1_10' title="bbox 329 1636 1557 1727; baseline -0.004 -20"><span class='ocrx_word' id='word_1_64' title='bbox 329 1641 474 1727; x_wconf 86' lang='lat' dir='ltr'><strong>alicujus</strong></span> <span class='ocrx_word' id='word_1_65' title='bbox 500 1640 677 1707; x_wconf 86' lang='lat' dir='ltr'><strong>continent</strong></span> <span class='ocrx_word' id='word_1_66' title='bbox 704 1651 764 1705; x_wconf 90' lang='lat' dir='ltr'><strong>aut</strong></span> <span class='ocrx_word' id='word_1_67' title='bbox 784 1639 982 1720; x_wconf 81' lang='lat' dir='ltr'><strong>secretiora,</strong></span> <span class='ocrx_word' id='word_1_68' title='bbox 1006 1660 1070 1705; x_wconf 86' lang='lat' dir='ltr'><strong>nec</strong></span> <span class='ocrx_word' id='word_1_69' title='bbox 1093 1660 1170 1705; x_wconf 91' lang='lat' dir='ltr'><strong>cum</strong></span> <span class='ocrx_word' id='word_1_70' title='bbox 1193 1639 1279 1719; x_wconf 82' lang='lat' dir='ltr'><strong>aliis,</strong></span> <span class='ocrx_word' id='word_1_71' title='bbox 1308 1639 1453 1705; x_wconf 85' lang='lat' dir='ltr'><strong>maxime</strong></span> <span class='ocrx_word' id='word_1_72' title='bbox 1476 1636 1557 1702; x_wconf 81' lang='lat' dir='ltr'><strong>viris</strong></span> 
     </span>
     <span class='ocr_line' id='line_1_11' title="bbox 331 1752 1591 1843; baseline -0.005 -19"><span class='ocrx_word' id='word_1_73' title='bbox 331 1754 493 1838; x_wconf 87' lang='lat' dir='ltr'><strong>externis,</strong></span> <span class='ocrx_word' id='word_1_74' title='bbox 507 1754 803 1823; x_wconf 89' lang='lat' dir='ltr'><strong>communicanda.</strong></span> <span class='ocrx_word' id='word_1_75' title='bbox 817 1758 907 1843; x_wconf 72' lang='lat' dir='ltr'><strong>jam,</strong></span> <span class='ocrx_word' id='word_1_76' title='bbox 923 1757 1060 1839; x_wconf 88' lang='lat' dir='ltr'><strong>quando</strong></span> <span class='ocrx_word' id='word_1_77' title='bbox 1076 1754 1272 1840; x_wconf 88' lang='lat' dir='ltr'><strong>hujusmodi</strong></span> <span class='ocrx_word' id='word_1_78' title='bbox 1287 1752 1488 1841; x_wconf 88' lang='lat' dir='ltr'><strong>compendia</strong></span> <span class='ocrx_word' id='word_1_79' title='bbox 1504 1774 1557 1819; x_wconf 85' lang='lat' dir='ltr'><strong>re·</strong></span> <span class='ocrx_word' id='word_1_80' title='bbox 1583 1758 1591 1773; x_wconf 87' lang='lat'>&#39;</span> 
     </span>
     <span class='ocr_line' id='line_1_12' title="bbox 332 1868 1556 1958; baseline -0.001 -22"><span class='ocrx_word' id='word_1_81' title='bbox 332 1868 511 1957; x_wconf 88' lang='lat' dir='ltr'><strong>periuntur</strong></span> <span class='ocrx_word' id='word_1_82' title='bbox 523 1870 639 1938; x_wconf 89' lang='lat' dir='ltr'><strong>statim</strong></span> <span class='ocrx_word' id='word_1_83' title='bbox 653 1882 730 1957; x_wconf 87' lang='lat' dir='ltr'><strong>post</strong></span> <span class='ocrx_word' id='word_1_84' title='bbox 743 1871 985 1956; x_wconf 85' lang='lat' dir='ltr'><strong>compendium</strong></span> <span class='ocrx_word' id='word_1_85' title='bbox 998 1870 1161 1956; x_wconf 86' lang='lat' dir='ltr'><strong>epistolae</strong></span> <span class='ocrx_word' id='word_1_86' title='bbox 1178 1870 1373 1957; x_wconf 83' lang='lat' dir='ltr'><strong>principalis</strong></span> <span class='ocrx_word' id='word_1_87' title='bbox 1389 1870 1423 1935; x_wconf 93' lang='lat' dir='ltr'><strong>in</strong></span> <span class='ocrx_word' id='word_1_88' title='bbox 1445 1872 1556 1958; x_wconf 86' lang='lat' dir='ltr'><strong>Rege-</strong></span> 
     </span>
    </p>
   </div>
   <div class='ocr_carea' id='block_1_3' title="bbox 333 1985 1665 2073">
    <p class='ocr_par' dir='ltr' id='par_1_4' title="bbox 333 1985 1665 2073">
     <span class='ocr_line' id='line_1_13' title="bbox 333 1985 1665 2073; baseline -0.002 -22"><span class='ocrx_word' id='word_1_89' title='bbox 333 1989 396 2053; x_wconf 74' lang='lat' dir='ltr'><strong>stis</strong></span> <span class='ocrx_word' id='word_1_90' title='bbox 407 1986 590 2068; x_wconf 76' lang='lat' dir='ltr'><strong>collocata,‘</strong></span> <span class='ocrx_word' id='word_1_91' title='bbox 605 1986 633 2052; x_wconf 90' lang='lat' dir='ltr'><strong>si</strong></span> <span class='ocrx_word' id='word_1_92' title='bbox 646 1986 756 2053; x_wconf 90' lang='lat' dir='ltr'><strong>eidem</strong></span> <span class='ocrx_word' id='word_1_93' title='bbox 771 2006 936 2072; x_wconf 81' lang='lat' dir='ltr'><strong>personae</strong></span> <span class='ocrx_word' id='word_1_94' title='bbox 948 1987 1140 2071; x_wconf 89' lang='lat' dir='ltr'><strong>eodemque</strong></span> <span class='ocrx_word' id='word_1_95' title='bbox 1152 1986 1208 2055; x_wconf 90' lang='lat' dir='ltr'><strong>die</strong></span> <span class='ocrx_word' id='word_1_96' title='bbox 1220 1985 1345 2073; x_wconf 87' lang='lat' dir='ltr'><strong>scripta</strong></span> <span class='ocrx_word' id='word_1_97' title='bbox 1359 1986 1496 2065; x_wconf 84' lang='lat' dir='ltr'><strong>fuerint,</strong></span> <span class='ocrx_word' id='word_1_98' title='bbox 1515 2008 1556 2053; x_wconf 89' lang='lat' dir='ltr'><strong>ea</strong></span> <span class='ocrx_word' id='word_1_99' title='bbox 1659 2008 1665 2023; x_wconf 92' lang='lat'><strong>·</strong></span> 
     </span>
    </p>
   </div>
   <div class='ocr_carea' id='block_1_4' title="bbox 333 2100 1561 2765">
    <p class='ocr_par' dir='ltr' id='par_1_5' title="bbox 333 2100 1553 2302">
     <span class='ocr_line' id='line_1_14' title="bbox 333 2100 1553 2189; baseline -0.002 -21"><span class='ocrx_word' id='word_1_100' title='bbox 333 2126 353 2168; x_wconf 89' lang='lat' dir='ltr'><strong>a</strong></span> <span class='ocrx_word' id='word_1_101' title='bbox 370 2100 470 2168; x_wconf 89' lang='lat' dir='ltr'><strong>nobis</strong></span> <span class='ocrx_word' id='word_1_102' title='bbox 485 2101 587 2169; x_wconf 89' lang='lat' dir='ltr'><strong>etiam</strong></span> <span class='ocrx_word' id='word_1_103' title='bbox 609 2102 755 2169; x_wconf 87' lang='lat' dir='ltr'><strong>edentur</strong></span> <span class='ocrx_word' id='word_1_104' title='bbox 771 2112 847 2187; x_wconf 92' lang='lat' dir='ltr'><strong>post</strong></span> <span class='ocrx_word' id='word_1_105' title='bbox 874 2101 1096 2168; x_wconf 89' lang='lat' dir='ltr'><strong>summarium</strong></span> <span class='ocrx_word' id='word_1_106' title='bbox 1119 2100 1281 2187; x_wconf 85' lang='lat' dir='ltr'><strong>epistolae</strong></span> <span class='ocrx_word' id='word_1_107' title='bbox 1298 2101 1472 2189; x_wconf 87' lang='lat' dir='ltr'><strong>principis,</strong></span> <span class='ocrx_word' id='word_1_108' title='bbox 1491 2103 1553 2166; x_wconf 90' lang='lat' dir='ltr'><strong>du-</strong></span> 
     </span>
     <span class='ocr_line' id='line_1_15' title="bbox 333 2216 1043 2302; baseline 0.004 -20"><span class='ocrx_word' id='word_1_109' title='bbox 333 2230 460 2302; x_wconf 90' lang='lat' dir='ltr'><strong>ctaque</strong></span> <span class='ocrx_word' id='word_1_110' title='bbox 482 2216 605 2283; x_wconf 90' lang='lat' dir='ltr'><strong>lineola</strong></span> <span class='ocrx_word' id='word_1_111' title='bbox 620 2216 710 2283; x_wconf 90' lang='lat' dir='ltr'><strong>inter</strong></span> <span class='ocrx_word' id='word_1_112' title='bbox 725 2238 763 2283; x_wconf 82' lang='lat' dir='ltr'><strong>se</strong></span> <span class='ocrx_word' id='word_1_113' title='bbox 779 2216 1043 2302; x_wconf 88' lang='lat' dir='ltr'><strong>separabuntur.</strong></span> 
     </span>
    </p>

    <p class='ocr_par' dir='ltr' id='par_1_6' title="bbox 335 2331 1561 2765">
     <span class='ocr_line' id='line_1_16' title="bbox 400 2331 1560 2420; baseline 0 -21"><span class='ocrx_word' id='word_1_114' title='bbox 400 2334 433 2417; x_wconf 87' lang='lat'><strong>4)</strong></span> <span class='ocrx_word' id='word_1_115' title='bbox 482 2332 618 2399; x_wconf 88' lang='lat' dir='ltr'><strong>Accidit</strong></span> <span class='ocrx_word' id='word_1_116' title='bbox 639 2331 915 2417; x_wconf 86' lang='lat' dir='ltr'><strong>frequentissime</strong></span> <span class='ocrx_word' id='word_1_117' title='bbox 936 2346 974 2397; x_wconf 93' lang='lat' dir='ltr'><strong>ut</strong></span> <span class='ocrx_word' id='word_1_118' title='bbox 994 2332 1146 2399; x_wconf 89' lang='lat' dir='ltr'><strong>numeris</strong></span> <span class='ocrx_word' id='word_1_119' title='bbox 1167 2344 1330 2399; x_wconf 89' lang='lat' dir='ltr'><strong>notentur</strong></span> <span class='ocrx_word' id='word_1_120' title='bbox 1345 2333 1380 2398; x_wconf 94' lang='lat' dir='ltr'><strong>in</strong></span> <span class='ocrx_word' id='word_1_121' title='bbox 1401 2335 1560 2420; x_wconf 78' lang='lat' dir='ltr'><strong>Regestis</strong></span> 
     </span>
     <span class='ocr_line' id='line_1_17' title="bbox 335 2447 1558 2535; baseline -0.002 -20"><span class='ocrx_word' id='word_1_122' title='bbox 335 2448 511 2534; x_wconf 81' lang='lat' dir='ltr'><strong>epistolae,</strong></span> <span class='ocrx_word' id='word_1_123' title='bbox 534 2469 622 2533; x_wconf 88' lang='lat' dir='ltr'><strong>quae</strong></span> <span class='ocrx_word' id='word_1_124' title='bbox 644 2469 713 2513; x_wconf 89' lang='lat' dir='ltr'><strong>uno</strong></span> <span class='ocrx_word' id='word_1_125' title='bbox 734 2447 852 2514; x_wconf 84' lang='lat' dir='ltr'><strong>dicad</strong></span> <span class='ocrx_word' id='word_1_126' title='bbox 879 2448 1046 2528; x_wconf 80' lang='lat' dir='ltr'><strong>diversoS,</strong></span> <span class='ocrx_word' id='word_1_127' title='bbox 1072 2448 1107 2515; x_wconf 89' lang='lat' dir='ltr'><strong>in</strong></span> <span class='ocrx_word' id='word_1_128' title='bbox 1134 2448 1253 2517; x_wconf 84' lang='lat' dir='ltr'><strong>eodem</strong></span> <span class='ocrx_word' id='word_1_129' title='bbox 1282 2449 1358 2515; x_wconf 90' lang='lat' dir='ltr'><strong>loco</strong></span> <span class='ocrx_word' id='word_1_130' title='bbox 1378 2450 1558 2535; x_wconf 64' lang='lat' dir='ltr'><strong>degentes</strong></span> 
     </span>
     <span class='ocr_line' id='line_1_18' title="bbox 335 2553 1560 2650; baseline 0.002 -22"><span class='ocrx_word' id='word_1_131' title='bbox 335 2553 530 2644; x_wconf 81' lang='lat' dir='ltr'><strong>mittuntur,</strong></span> <span class='ocrx_word' id='word_1_132' title='bbox 550 2562 603 2630; x_wconf 90' lang='lat' dir='ltr'><strong>vel</strong></span> <span class='ocrx_word' id='word_1_133' title='bbox 623 2561 725 2630; x_wconf 88' lang='lat' dir='ltr'><strong>etiam</strong></span> <span class='ocrx_word' id='word_1_134' title='bbox 746 2564 788 2628; x_wconf 90' lang='lat' dir='ltr'><strong>ad</strong></span> <span class='ocrx_word' id='word_1_135' title='bbox 810 2564 982 2645; x_wconf 82' lang='lat' dir='ltr'><strong>eumdem,</strong></span> <span class='ocrx_word' id='word_1_136' title='bbox 1005 2564 1034 2629; x_wconf 89' lang='lat' dir='ltr'><strong>si</strong></span> <span class='ocrx_word' id='word_1_137' title='bbox 1055 2565 1170 2649; x_wconf 87' lang='lat' dir='ltr'><strong>plures</strong></span> <span class='ocrx_word' id='word_1_138' title='bbox 1191 2564 1254 2650; x_wconf 90' lang='lat' dir='ltr'><strong>ipsi</strong></span> <span class='ocrx_word' id='word_1_139' title='bbox 1275 2566 1477 2630; x_wconf 84' lang='lat' dir='ltr'><strong>scribantur.</strong></span> <span class='ocrx_word' id='word_1_140' title='bbox 1495 2564 1560 2631; x_wconf 88' lang='lat' dir='ltr'><strong>Se-</strong></span> 
     </span>
     <span class='ocr_line' id='line_1_19' title="bbox 335 2676 1561 2765; baseline 0.002 -20"><span class='ocrx_word' id='word_1_141' title='bbox 335 2679 402 2746; x_wconf 88' lang='lat' dir='ltr'><strong>ries</strong></span> <span class='ocrx_word' id='word_1_142' title='bbox 417 2692 532 2748; x_wconf 89' lang='lat' dir='ltr'><strong>autem</strong></span> <span class='ocrx_word' id='word_1_143' title='bbox 550 2699 768 2745; x_wconf 89' lang='lat' dir='ltr'><strong>numerorum</strong></span> <span class='ocrx_word' id='word_1_144' title='bbox 785 2701 846 2765; x_wconf 90' lang='lat' dir='ltr'><strong>pro</strong></span> <span class='ocrx_word' id='word_1_145' title='bbox 863 2699 1070 2764; x_wconf 90' lang='lat' dir='ltr'><strong>unoquoque</strong></span> <span class='ocrx_word' id='word_1_146' title='bbox 1090 2676 1146 2748; x_wconf 88' lang='lat' dir='ltr'><strong>die</strong></span> <span class='ocrx_word' id='word_1_147' title='bbox 1164 2678 1265 2746; x_wconf 89' lang='lat' dir='ltr'><strong>unica</strong></span> <span class='ocrx_word' id='word_1_148' title='bbox 1282 2691 1346 2759; x_wconf 85' lang='lat' dir='ltr'><strong>est,</strong></span> <span class='ocrx_word' id='word_1_149' title='bbox 1369 2678 1500 2748; x_wconf 87' lang='lat' dir='ltr'><strong>etiamsi</strong></span> <span class='ocrx_word' id='word_1_150' title='bbox 1518 2682 1561 2747; x_wconf 91' lang='lat' dir='ltr'><strong>ad</strong></span> 
     </span>
    </p>
   </div>
   <div class='ocr_carea' id='block_1_5' title="bbox 229 2793 1454 2882">
    <p class='ocr_par' dir='ltr' id='par_1_7' title="bbox 229 2793 1454 2882">
     <span class='ocr_line' id='line_1_20' title="bbox 229 2793 1454 2882; baseline 0.002 -22"><span class='ocrx_word' id='word_1_151' title='bbox 229 2821 233 2829; x_wconf 88' lang='grc'><em>·</em></span> <span class='ocrx_word' id='word_1_152' title='bbox 336 2798 449 2882; x_wconf 87' lang='lat' dir='ltr'><strong>plures</strong></span> <span class='ocrx_word' id='word_1_153' title='bbox 465 2795 646 2878; x_wconf 86' lang='lat' dir='ltr'><strong>scribatur,</strong></span> <span class='ocrx_word' id='word_1_154' title='bbox 663 2796 719 2861; x_wconf 88' lang='lat' dir='ltr'><strong>vel</strong></span> <span class='ocrx_word' id='word_1_155' title='bbox 736 2796 851 2880; x_wconf 88' lang='lat' dir='ltr'><strong>plures</strong></span> <span class='ocrx_word' id='word_1_156' title='bbox 866 2794 1031 2880; x_wconf 89' lang='lat' dir='ltr'><strong>epistolae</strong></span> <span class='ocrx_word' id='word_1_157' title='bbox 1047 2795 1157 2863; x_wconf 86' lang='lat' dir='ltr'><strong>eidem</strong></span> <span class='ocrx_word' id='word_1_158' title='bbox 1176 2795 1248 2862; x_wconf 84' lang='lat' dir='ltr'><strong>viro</strong></span> <span class='ocrx_word' id='word_1_159' title='bbox 1265 2793 1454 2862; x_wconf 87' lang='lat' dir='ltr'><strong>mittantur.</strong></span> 
     </span>
    </p>
   </div>
   <div class='ocr_carea' id='block_1_6' title="bbox 332 2910 1573 4617">
    <p class='ocr_par' dir='ltr' id='par_1_8' title="bbox 332 2910 1567 3684">
     <span class='ocr_line' id='line_1_21' title="bbox 332 2910 1561 2995; baseline -0.001 -17"><span class='ocrx_word' id='word_1_160' title='bbox 332 2919 335 2923; x_wconf 80' lang='grc'><em>’</em></span> <span class='ocrx_word' id='word_1_161' title='bbox 403 2910 573 2995; x_wconf 82' lang='lat' dir='ltr'><strong>Denique,</strong></span> <span class='ocrx_word' id='word_1_162' title='bbox 605 2920 642 2976; x_wconf 94' lang='lat' dir='ltr'><strong>ut</strong></span> <span class='ocrx_word' id='word_1_163' title='bbox 668 2910 881 2976; x_wconf 81' lang='lat' dir='ltr'><strong>confusionis</strong></span> <span class='ocrx_word' id='word_1_164' title='bbox 907 2910 1077 2978; x_wconf 83' lang='lat' dir='ltr'><strong>errorisve</strong></span> <span class='ocrx_word' id='word_1_165' title='bbox 1100 2912 1235 2978; x_wconf 88' lang='lat' dir='ltr'><strong>occasio</strong></span> <span class='ocrx_word' id='word_1_166' title='bbox 1252 2911 1384 2979; x_wconf 71' lang='lat' dir='ltr'><strong>facilius</strong></span> <span class='ocrx_word' id='word_1_167' title='bbox 1411 2914 1561 2992; x_wconf 82' lang='lat' dir='ltr'><strong>tollatur,</strong></span> 
     </span>
     <span class='ocr_line' id='line_1_22' title="bbox 337 3025 1563 3114; baseline 0.001 -22"><span class='ocrx_word' id='word_1_168' title='bbox 337 3039 444 3112; x_wconf 88' lang='lat' dir='ltr'><strong>utque</strong></span> <span class='ocrx_word' id='word_1_169' title='bbox 464 3027 522 3112; x_wconf 92' lang='lat' dir='ltr'><strong>qui</strong></span> <span class='ocrx_word' id='word_1_170' title='bbox 547 3025 654 3092; x_wconf 86' lang='lat' dir='ltr'><strong>velint</strong></span> <span class='ocrx_word' id='word_1_171' title='bbox 680 3025 854 3112; x_wconf 86' lang='lat' dir='ltr'><strong>integrum</strong></span> <span class='ocrx_word' id='word_1_172' title='bbox 883 3028 1110 3114; x_wconf 81' lang='lat' dir='ltr'><strong>Regestorurn</strong></span> <span class='ocrx_word' id='word_1_173' title='bbox 1135 3028 1294 3093; x_wconf 87' lang='lat' dir='ltr'><strong>volumen</strong></span> <span class='ocrx_word' id='word_1_174' title='bbox 1323 3039 1423 3114; x_wconf 93' lang='lat' dir='ltr'><strong>prout</strong></span> <span class='ocrx_word' id='word_1_175' title='bbox 1450 3038 1563 3096; x_wconf 87' lang='lat' dir='ltr'><strong>exstat</strong></span> 
     </span>
     <span class='ocr_line' id='line_1_23' title="bbox 339 3142 1563 3230; baseline 0.001 -22"><span class='ocrx_word' id='word_1_176' title='bbox 339 3142 518 3212; x_wconf 87' lang='lat' dir='ltr'><strong>restituere</strong></span> <span class='ocrx_word' id='word_1_177' title='bbox 547 3152 660 3210; x_wconf 89' lang='lat' dir='ltr'><strong>mente</strong></span> <span class='ocrx_word' id='word_1_178' title='bbox 687 3163 750 3208; x_wconf 90' lang='lat' dir='ltr'><strong>sua</strong></span> <span class='ocrx_word' id='word_1_179' title='bbox 773 3142 917 3227; x_wconf 90' lang='lat' dir='ltr'><strong>possint,</strong></span> <span class='ocrx_word' id='word_1_180' title='bbox 946 3142 981 3207; x_wconf 93' lang='lat' dir='ltr'><strong>in</strong></span> <span class='ocrx_word' id='word_1_181' title='bbox 1005 3142 1112 3228; x_wconf 87' lang='lat' dir='ltr'><strong>prima</strong></span> <span class='ocrx_word' id='word_1_182' title='bbox 1135 3143 1301 3228; x_wconf 88' lang='lat' dir='ltr'><strong>cujusque</strong></span> <span class='ocrx_word' id='word_1_183' title='bbox 1325 3143 1485 3230; x_wconf 84' lang='lat' dir='ltr'><strong>epistolae</strong></span> <span class='ocrx_word' id='word_1_184' title='bbox 1501 3165 1563 3209; x_wconf 90' lang='lat' dir='ltr'><strong>an-</strong></span> 
     </span>
     <span class='ocr_line' id='line_1_24' title="bbox 339 3257 1559 3338; baseline 0.001 -16"><span class='ocrx_word' id='word_1_185' title='bbox 339 3257 514 3326; x_wconf 70' lang='lat' dir='ltr'><strong>notatione</strong></span> <span class='ocrx_word' id='word_1_186' title='bbox 529 3257 767 3338; x_wconf 79' lang='lat' dir='ltr'><strong>indicabimus,</strong></span> <span class='ocrx_word' id='word_1_187' title='bbox 785 3279 855 3324; x_wconf 93' lang='lat' dir='ltr'><strong>non</strong></span> <span class='ocrx_word' id='word_1_188' title='bbox 868 3259 969 3324; x_wconf 92' lang='lat' dir='ltr'><strong>modo</strong></span> <span class='ocrx_word' id='word_1_189' title='bbox 982 3257 1099 3324; x_wconf 82' lang='lat' dir='ltr'><strong>folium</strong></span> <span class='ocrx_word' id='word_1_190' title='bbox 1113 3269 1172 3324; x_wconf 86' lang='lat' dir='ltr'><strong>aut</strong></span> <span class='ocrx_word' id='word_1_191' title='bbox 1186 3258 1277 3338; x_wconf 87' lang='lat' dir='ltr'><strong>folia,</strong></span> <span class='ocrx_word' id='word_1_192' title='bbox 1292 3259 1350 3324; x_wconf 91' lang='lat' dir='ltr'><strong>ubi</strong></span> <span class='ocrx_word' id='word_1_193' title='bbox 1362 3279 1559 3326; x_wconf 90' lang='lat' dir='ltr'><strong>monumen·</strong></span> 
     </span>
     <span class='ocr_line' id='line_1_25' title="bbox 344 3372 1563 3460; baseline 0.001 -22"><span class='ocrx_word' id='word_1_194' title='bbox 344 3387 415 3440; x_wconf 90' lang='lat' dir='ltr'><strong>tum</strong></span> <span class='ocrx_word' id='word_1_195' title='bbox 439 3374 618 3460; x_wconf 86' lang='lat' dir='ltr'><strong>reperitur,</strong></span> <span class='ocrx_word' id='word_1_196' title='bbox 641 3395 761 3439; x_wconf 88' lang='lat' dir='ltr'><strong>verum</strong></span> <span class='ocrx_word' id='word_1_197' title='bbox 783 3372 884 3440; x_wconf 88' lang='lat' dir='ltr'><strong>etiam</strong></span> <span class='ocrx_word' id='word_1_198' title='bbox 903 3395 1081 3441; x_wconf 89' lang='lat' dir='ltr'><strong>numerum</strong></span> <span class='ocrx_word' id='word_1_199' title='bbox 1099 3397 1259 3441; x_wconf 89' lang='lat' dir='ltr'><strong>versuum</strong></span> <span class='ocrx_word' id='word_1_200' title='bbox 1273 3388 1307 3441; x_wconf 89' lang='lat' dir='ltr'><strong>et</strong></span> <span class='ocrx_word' id='word_1_201' title='bbox 1319 3376 1445 3457; x_wconf 80' lang='lat' dir='ltr'><strong>locum,</strong></span> <span class='ocrx_word' id='word_1_202' title='bbox 1464 3395 1563 3459; x_wconf 86' lang='lat' dir='ltr'><strong>quem</strong></span> 
     </span>
     <span class='ocr_line' id='line_1_26' title="bbox 341 3481 1567 3580; baseline 0.002 -26"><span class='ocrx_word' id='word_1_203' title='bbox 341 3489 376 3554; x_wconf 90' lang='lat' dir='ltr'><strong>in</strong></span> <span class='ocrx_word' id='word_1_204' title='bbox 395 3489 555 3577; x_wconf 78' lang='lat' dir='ltr'><strong>Regestis</strong></span> <span class='ocrx_word' id='word_1_205' title='bbox 570 3489 727 3556; x_wconf 88' lang='lat' dir='ltr'><strong>sortitum</strong></span> <span class='ocrx_word' id='word_1_206' title='bbox 743 3487 799 3568; x_wconf 88' lang='lat' dir='ltr'><strong>sit,</strong></span> <span class='ocrx_word' id='word_1_207' title='bbox 818 3489 852 3554; x_wconf 93' lang='lat' dir='ltr'><strong>in</strong></span> <span class='ocrx_word' id='word_1_208' title='bbox 870 3491 964 3555; x_wconf 91' lang='lat' dir='ltr'><strong>hunc</strong></span> <span class='ocrx_word' id='word_1_209' title='bbox 982 3491 1134 3556; x_wconf 91' lang='lat' dir='ltr'><strong>modum:</strong></span> <span class='ocrx_word' id='word_1_210' title='bbox 1157 3517 1169 3548; x_wconf 72' lang='lat' dir='ltr'><strong>n</strong></span> <span class='ocrx_word' id='word_1_211' title='bbox 1177 3491 1227 3556; x_wconf 85' lang='lat' dir='ltr'><strong>Ex</strong></span> <span class='ocrx_word' id='word_1_212' title='bbox 1244 3481 1363 3559; x_wconf 85' lang='lat' dir='ltr'><strong>codice</strong></span> <span class='ocrx_word' id='word_1_213' title='bbox 1380 3493 1517 3580; x_wconf 58' lang='lat' dir='ltr'><strong>Reges&amp;</strong></span> <span class='ocrx_word' id='word_1_214' title='bbox 1538 3493 1567 3572; x_wconf 85' lang='lat' dir='ltr'><strong>J,</strong></span> 
     </span>
     <span class='ocr_line' id='line_1_27' title="bbox 343 3607 790 3684; baseline -0.009 -14"><span class='ocrx_word' id='word_1_215' title='bbox 343 3607 400 3671; x_wconf 87' lang='lat' dir='ltr'><strong>foi.</strong></span> <span class='ocrx_word' id='word_1_216' title='bbox 426 3607 525 3684; x_wconf 79' lang='lat' dir='ltr'><strong>mov,</strong></span> <span class='ocrx_word' id='word_1_217' title='bbox 544 3628 633 3673; x_wconf 88' lang='lat' dir='ltr'><strong>vers.</strong></span> <span class='ocrx_word' id='word_1_218' title='bbox 657 3607 790 3673; x_wconf 67' lang='lat' dir='ltr'><strong>10-18.n</strong></span> 
     </span>
    </p>

    <p class='ocr_par' dir='ltr' id='par_1_9' title="bbox 345 3721 1573 4617">
     <span class='ocr_line' id='line_1_28' title="bbox 406 3721 1567 3809; baseline 0.001 -22"><span class='ocrx_word' id='word_1_219' title='bbox 406 3723 487 3809; x_wconf 87' lang='lat' dir='ltr'><strong>Jam</strong></span> <span class='ocrx_word' id='word_1_220' title='bbox 518 3743 599 3788; x_wconf 91' lang='lat' dir='ltr'><strong>vero</strong></span> <span class='ocrx_word' id='word_1_221' title='bbox 630 3721 831 3807; x_wconf 86' lang='lat' dir='ltr'><strong>compendia</strong></span> <span class='ocrx_word' id='word_1_222' title='bbox 861 3721 1095 3808; x_wconf 87' lang='lat' dir='ltr'><strong>epistolarum,</strong></span> <span class='ocrx_word' id='word_1_223' title='bbox 1128 3723 1171 3788; x_wconf 91' lang='lat' dir='ltr'><strong>ad</strong></span> <span class='ocrx_word' id='word_1_224' title='bbox 1203 3723 1357 3790; x_wconf 89' lang='lat' dir='ltr'><strong>eamdem</strong></span> <span class='ocrx_word' id='word_1_225' title='bbox 1389 3743 1567 3808; x_wconf 85' lang='lat' dir='ltr'><strong>personam</strong></span> 
     </span>
     <span class='ocr_line' id='line_1_29' title="bbox 345 3825 1568 3923; baseline 0.002 -21"><span class='ocrx_word' id='word_1_226' title='bbox 345 3837 534 3922; x_wconf 89' lang='lat' dir='ltr'><strong>eodemque</strong></span> <span class='ocrx_word' id='word_1_227' title='bbox 557 3835 612 3904; x_wconf 89' lang='lat' dir='ltr'><strong>die</strong></span> <span class='ocrx_word' id='word_1_228' title='bbox 633 3836 825 3917; x_wconf 88' lang='lat' dir='ltr'><strong>missarum,</strong></span> <span class='ocrx_word' id='word_1_229' title='bbox 852 3825 917 3904; x_wconf 94' lang='lat' dir='ltr'><strong>nos</strong></span> <span class='ocrx_word' id='word_1_230' title='bbox 939 3835 1089 3921; x_wconf 86' lang='lat' dir='ltr'><strong>quidem,</strong></span> <span class='ocrx_word' id='word_1_231' title='bbox 1117 3849 1249 3905; x_wconf 90' lang='lat' dir='ltr'><strong>retento</strong></span> <span class='ocrx_word' id='word_1_232' title='bbox 1272 3860 1426 3917; x_wconf 86' lang='lat' dir='ltr'><strong>numer0,</strong></span> <span class='ocrx_word' id='word_1_233' title='bbox 1452 3839 1510 3923; x_wconf 90' lang='lat' dir='ltr'><strong>qui</strong></span> <span class='ocrx_word' id='word_1_234' title='bbox 1532 3839 1568 3904; x_wconf 94' lang='lat' dir='ltr'><strong>in</strong></span> 
     </span>
     <span class='ocr_line' id='line_1_30' title="bbox 347 3952 1566 4044; baseline 0.001 -27"><span class='ocrx_word' id='word_1_235' title='bbox 347 3953 505 4038; x_wconf 82' lang='lat' dir='ltr'><strong>Regestr&#39;s</strong></span> <span class='ocrx_word' id='word_1_236' title='bbox 532 3953 695 4033; x_wconf 89' lang='lat' dir='ltr'><strong>habetur,</strong></span> <span class='ocrx_word' id='word_1_237' title='bbox 723 3952 939 4018; x_wconf 89' lang='lat' dir='ltr'><strong>continenter</strong></span> <span class='ocrx_word' id='word_1_238' title='bbox 966 3975 1008 4019; x_wconf 87' lang='lat' dir='ltr'><strong>ex</strong></span> <span class='ocrx_word' id='word_1_239' title='bbox 1036 3952 1156 4044; x_wconf 82' lang='lat' dir='ltr'><strong>ordine</strong></span> <span class='ocrx_word' id='word_1_240' title='bbox 1188 3955 1288 4020; x_wconf 87' lang='lat' dir='ltr'><strong>edere</strong></span> <span class='ocrx_word' id='word_1_241' title='bbox 1316 3953 1566 4020; x_wconf 86' lang='lat' dir='ltr'><strong>constituimus.</strong></span> 
     </span>
     <span class='ocr_line' id='line_1_31' title="bbox 346 4066 1569 4155; baseline 0 -21"><span class='ocrx_word' id='word_1_242' title='bbox 346 4074 465 4153; x_wconf 74' lang='lat' dir='ltr'><strong>Quare</strong></span> <span class='ocrx_word' id='word_1_243' title='bbox 480 4089 582 4136; x_wconf 89' lang='lat' dir='ltr'><strong>nemo</strong></span> <span class='ocrx_word' id='word_1_244' title='bbox 599 4066 739 4134; x_wconf 88' lang='lat' dir='ltr'><strong>miretur</strong></span> <span class='ocrx_word' id='word_1_245' title='bbox 754 4067 847 4152; x_wconf 90' lang='lat' dir='ltr'><strong>quod</strong></span> <span class='ocrx_word' id='word_1_246' title='bbox 863 4067 1046 4148; x_wconf 82' lang='lat' dir='ltr'><strong>aliquando</strong></span> <span class='ocrx_word' id='word_1_247' title='bbox 1067 4069 1306 4155; x_wconf 90' lang='lat' dir='ltr'><strong>compendium</strong></span> <span class='ocrx_word' id='word_1_248' title='bbox 1327 4091 1346 4135; x_wconf 87' lang='lat' dir='ltr'><strong>a</strong></span> <span class='ocrx_word' id='word_1_249' title='bbox 1362 4069 1514 4140; x_wconf 84' lang='lat' dir='ltr'><strong>numeris</strong></span> <span class='ocrx_word' id='word_1_250' title='bbox 1535 4087 1569 4147; x_wconf 81' lang='lat'><strong>2,</strong></span> 
     </span>
     <span class='ocr_line' id='line_1_32' title="bbox 349 4181 1570 4270; baseline 0 -20"><span class='ocrx_word' id='word_1_251' title='bbox 349 4204 367 4267; x_wconf 82' lang='lat'><strong>3</strong></span> <span class='ocrx_word' id='word_1_252' title='bbox 389 4195 489 4265; x_wconf 64' lang='lat' dir='ltr'><strong>autu</strong></span> <span class='ocrx_word' id='word_1_253' title='bbox 512 4181 663 4269; x_wconf 87' lang='lat' dir='ltr'><strong>incipiat;</strong></span> <span class='ocrx_word' id='word_1_254' title='bbox 689 4184 744 4251; x_wconf 88' lang='lat' dir='ltr'><strong>vel</strong></span> <span class='ocrx_word' id='word_1_255' title='bbox 768 4185 871 4267; x_wconf 90' lang='lat' dir='ltr'><strong>quod,</strong></span> <span class='ocrx_word' id='word_1_256' title='bbox 898 4203 976 4249; x_wconf 93' lang='lat' dir='ltr'><strong>cum</strong></span> <span class='ocrx_word' id='word_1_257' title='bbox 1001 4183 1121 4250; x_wconf 83' lang='lat' dir='ltr'><strong>notitia</strong></span> <span class='ocrx_word' id='word_1_258' title='bbox 1148 4186 1248 4252; x_wconf 84' lang='lat' dir='ltr'><strong>datur</strong></span> <span class='ocrx_word' id='word_1_259' title='bbox 1272 4187 1315 4252; x_wconf 93' lang='lat' dir='ltr'><strong>de</strong></span> <span class='ocrx_word' id='word_1_260' title='bbox 1338 4184 1500 4270; x_wconf 70' lang='lat' dir='ltr'><strong>epistoiis²</strong></span> <span class='ocrx_word' id='word_1_261' title='bbox 1527 4187 1570 4250; x_wconf 89' lang='lat' dir='ltr'><strong>ad</strong></span> 
     </span>
     <span class='ocr_line' id='line_1_33' title="bbox 348 4297 1568 4387; baseline 0.003 -23"><span class='ocrx_word' id='word_1_262' title='bbox 348 4300 458 4365; x_wconf 85' lang='lat' dir='ltr'><strong>virum</strong></span> <span class='ocrx_word' id='word_1_263' title='bbox 489 4297 634 4384; x_wconf 90' lang='lat' dir='ltr'><strong>aliquem</strong></span> <span class='ocrx_word' id='word_1_264' title='bbox 667 4297 796 4381; x_wconf 89' lang='lat' dir='ltr'><strong>missis,</strong></span> <span class='ocrx_word' id='word_1_265' title='bbox 829 4321 887 4366; x_wconf 86' lang='lat' dir='ltr'><strong>eas</strong></span> <span class='ocrx_word' id='word_1_266' title='bbox 919 4302 984 4366; x_wconf 95' lang='lat' dir='ltr'><strong>hoc</strong></span> <span class='ocrx_word' id='word_1_267' title='bbox 1012 4302 1116 4366; x_wconf 91' lang='lat' dir='ltr'><strong>modo</strong></span> <span class='ocrx_word' id='word_1_268' title='bbox 1143 4301 1379 4387; x_wconf 85' lang='lat' dir='ltr'><strong>designemus:</strong></span> <span class='ocrx_word' id='word_1_269' title='bbox 1412 4303 1568 4370; x_wconf 76' lang='lat' dir='ltr'><strong>rt.⁰....=›</strong></span> 
     </span>
     <span class='ocr_line' id='line_1_34' title="bbox 350 4413 1571 4502; baseline 0 -20"><span class='ocrx_word' id='word_1_270' title='bbox 350 4413 515 4482; x_wconf 71' lang='lat'><strong>‹¹2.⁰.....»</strong></span> <span class='ocrx_word' id='word_1_271' title='bbox 537 4413 703 4498; x_wconf 80' lang='lat'><strong>«5.⁰.....»</strong></span> <span class='ocrx_word' id='word_1_272' title='bbox 725 4415 904 4496; x_wconf 67' lang='lat'><strong>⁰6.⁰.....»;</strong></span> <span class='ocrx_word' id='word_1_273' title='bbox 923 4436 992 4500; x_wconf 90' lang='lat' dir='ltr'><strong>quo</strong></span> <span class='ocrx_word' id='word_1_274' title='bbox 1007 4415 1042 4482; x_wconf 90' lang='lat' dir='ltr'><strong>in</strong></span> <span class='ocrx_word' id='word_1_275' title='bbox 1060 4417 1135 4482; x_wconf 89' lang='lat' dir='ltr'><strong>loco</strong></span> <span class='ocrx_word' id='word_1_276' title='bbox 1148 4415 1442 4502; x_wconf 88' lang='lat' dir='ltr'><strong>praetermissione</strong></span> <span class='ocrx_word' id='word_1_277' title='bbox 1454 4437 1571 4482; x_wconf 90' lang='lat' dir='ltr'><strong>nume·</strong></span> 
     </span>
     <span class='ocr_line' id='line_1_35' title="bbox 348 4529 1573 4617; baseline 0.001 -20"><span class='ocrx_word' id='word_1_278' title='bbox 348 4552 460 4598; x_wconf 88' lang='lat' dir='ltr'><strong>rorum</strong></span> <span class='ocrx_word' id='word_1_279' title='bbox 476 4529 633 4615; x_wconf 70' lang='lat'><strong>«3,³,‚„,»</strong></span> <span class='ocrx_word' id='word_1_280' title='bbox 653 4541 686 4598; x_wconf 90' lang='lat' dir='ltr'><strong>et</strong></span> <span class='ocrx_word' id='word_1_281' title='bbox 706 4530 770 4614; x_wconf 71' lang='lat'><strong>«4¹</strong></span> <span class='ocrx_word' id='word_1_282' title='bbox 774 4583 842 4600; x_wconf 81' lang='grc'><strong>,,,,,</strong></span> <span class='ocrx_word' id='word_1_283' title='bbox 849 4557 864 4591; x_wconf 73' lang='lat' dir='ltr'><strong>n</strong></span> <span class='ocrx_word' id='word_1_284' title='bbox 883 4531 1074 4598; x_wconf 87' lang='lat' dir='ltr'><strong>indicamus</strong></span> <span class='ocrx_word' id='word_1_285' title='bbox 1090 4531 1262 4617; x_wconf 89' lang='lat' dir='ltr'><strong>epistolas,</strong></span> <span class='ocrx_word' id='word_1_286' title='bbox 1281 4532 1406 4598; x_wconf 86' lang='lat' dir='ltr'><strong>talibus</strong></span> <span class='ocrx_word' id='word_1_287' title='bbox 1422 4532 1573 4600; x_wconf 88' lang='lat' dir='ltr'><strong>numeris</strong></span> 
     </span>
    </p>
   </div>
   <div class='ocr_carea' id='block_1_7' title="bbox 348 4646 1575 4878">
    <p class='ocr_par' dir='ltr' id='par_1_10' title="bbox 348 4646 1575 4878">
     <span class='ocr_line' id='line_1_36' title="bbox 350 4646 1575 4733; baseline 0.002 -21"><span class='ocrx_word' id='word_1_288' title='bbox 350 4646 541 4728; x_wconf 89' lang='lat' dir='ltr'><strong>distinctas,</strong></span> <span class='ocrx_word' id='word_1_289' title='bbox 559 4647 603 4714; x_wconf 90' lang='lat' dir='ltr'><strong>ad</strong></span> <span class='ocrx_word' id='word_1_290' title='bbox 624 4646 707 4714; x_wconf 91' lang='lat' dir='ltr'><strong>alios</strong></span> <span class='ocrx_word' id='word_1_291' title='bbox 728 4647 835 4716; x_wconf 82' lang='lat' dir='ltr'><strong>fuisse</strong></span> <span class='ocrx_word' id='word_1_292' title='bbox 855 4649 966 4733; x_wconf 84' lang='lat' dir='ltr'><strong>dataS,</strong></span> <span class='ocrx_word' id='word_1_293' title='bbox 990 4658 1023 4715; x_wconf 93' lang='lat' dir='ltr'><strong>et</strong></span> <span class='ocrx_word' id='word_1_294' title='bbox 1045 4669 1064 4712; x_wconf 92' lang='lat' dir='ltr'><strong>a</strong></span> <span class='ocrx_word' id='word_1_295' title='bbox 1086 4647 1184 4714; x_wconf 93' lang='lat' dir='ltr'><strong>nobis</strong></span> <span class='ocrx_word' id='word_1_296' title='bbox 1205 4647 1347 4716; x_wconf 88' lang='lat' dir='ltr'><strong>seorsim</strong></span> <span class='ocrx_word' id='word_1_297' title='bbox 1369 4659 1428 4714; x_wconf 88' lang='lat' dir='ltr'><strong>aut</strong></span> <span class='ocrx_word' id='word_1_298' title='bbox 1448 4647 1515 4714; x_wconf 87' lang='lat' dir='ltr'><strong>alio</strong></span> <span class='ocrx_word' id='word_1_299' title='bbox 1537 4648 1575 4714; x_wconf 90' lang='lat' dir='ltr'><strong>in</strong></span> 
     </span>
     <span class='ocr_line' id='line_1_37' title="bbox 348 4763 506 4878; baseline 0.019 -48"><span class='ocrx_word' id='word_1_300' title='bbox 348 4766 423 4832; x_wconf 74' lang='lat' dir='ltr'><strong>luco</strong></span> <span class='ocrx_word' id='word_1_301' title='bbox 438 4763 506 4878; x_wconf 49' lang='lat' dir='ltr'><strong>edio.</strong></span> 
     </span>
    </p>
   </div>
   <div class='ocr_carea' id='block_1_8' title="bbox 0 0 1846 5375">
    <p class='ocr_par' dir='ltr' id='par_1_11' title="bbox 0 0 1846 5375">
     <span class='ocr_line' id='line_1_38' title="bbox 0 0 1846 5375; baseline 0 0"><span class='ocrx_word' id='word_1_302' title='bbox 0 0 1846 5375; x_wconf 95' lang='lat' dir='ltr'><strong> </strong></span> 
     </span>
    </p>
   </div>
  </div>
 </body>
</html>
