3625 5375
637 562 742 617 Errsr.
760 562 881 633 958···4
899 562 1085 619 Dncnuams
1105 558 1181 632 1549'
1432 561 1486 633 605
1589 592 1593 602 ·

358 716 401 783 Et
416 716 487 781 cosi
502 714 699 783 accadendo
715 718 780 784 che
795 717 989 783 haueuamo
1004 717 1050 783 da
1065 716 1219 783 mandar'
1237 714 1294 783 doi
1309 716 1344 781 di
1365 737 1446 783 casa
1459 736 1522 782 no-

290 840 361 899 stra
376 829 413 895 in
426 829 554 911 Sicilia,
573 831 664 899 doue
679 852 766 897 sono
781 831 850 899 due
866 830 1003 918 collegii
1014 832 1105 899 della
1115 831 1330 917 Compagnia
1342 842 1472 911 nostra,
1485 830 1523 897 in

290 946 441 1017 Messina
469 956 504 1012 et
526 947 698 1027 Palerm0,
725 947 758 1013 lo
785 946 1015 1017 mandassimo
1042 946 1078 1013 in
1104 945 1311 1034 compagnia
1337 948 1423 1028 loro,
1447 968 1523 1015 1110-

290 1064 431 1131 31110110
446 1060 496 1128 lui
511 1063 618 1128 molto
637 1060 846 1128 desideratio
873 1072 909 1128 et
935 1062 1126 1130 facendone
1139 1061 1322 1143 instantia;
1341 1078 1376 1129 et
1392 1063 1471 1148 quel
1488 1062 1523 1129 di

289 1177 475 1247 medesimo
491 1178 526 1243 in
542 1198 605 1245 san
621 1176 825 1245 Sebastiano
842 1168 929 1243 tutti
940 1178 1074 1245 tolseno
1088 1177 1113 1245 11
1128 1187 1228 1245 santo
1244 1189 1472 1258 sacramento,
1487 1188 1524 1245 et

290 1295 494 1361 caualcoruo
510 1314 576 1359 eon
592 1292 615 1358 il
643 1292 822 1379 procaccio
849 1292 998 1361 insinoa
1026 1292 1162 1379 Napoli,
1186 1304 1221 1359 et
1238 1293 1281 1361 de
1298 1294 1331 1359 11
1351 1293 1381 1359 31
1398 1292 1523 1362 imbar-

289 1430 407 1477 corno:
425 1422 460 1475 et
475 1408 653 1495 sappiamo
669 1410 733 1475 che
749 1428 837 1475 sono
852 1408 964 1495 gionti
975 1431 997 1475 a
1008 1410 1223 1475 saluamento
1236 1406 1272 1475 in
1284 1407 1415 1487 Sicilia,
1432 1408 1524 1477 doue

289 1525 338 1593 lui
354 1528 462 1591 haura
478 1524 562 1611 ogni
579 1524 784 1591 commoditd
800 1525 835 1590 di
851 1525 999 1611 imparar
1014 1547 1085 1592 non
1097 1526 1287 1592 solamente
1299 1525 1331 1589 le
1348 1523 1453 1604 virtu,
1468 1545 1525 1591 ma

243 1665 248 1673 ·
291 1642 393 1711 etiam
409 1642 442 1711 le
458 1642 579 1710 lettere
600 1630 634 1706 di
650 1639 734 1727 ogni
750 1651 854 1721 sorte,
884 1640 959 1709 ciue
978 1641 1015 1709 di
1037 1641 1228 1721 humanda,
1257 1639 1474 1727 philosophia
1490 1650 1526 1707 et

293 1756 480 1843 theologia,
509 1756 687 1842 legendosi
715 1766 805 1825 tutte
832 1768 954 1841 queste
981 1757 1107 1824 facultd
1134 1778 1200 1823 con
1226 1758 1332 1823 molta
1348 1754 1526 1841 diligentia

291 1871 372 1941 nelli
389 1870 526 1957 collegii
542 1870 649 1939 nostri
665 1892 726 1957 per
742 1892 888 1959 persone
903 1873 1129 1941 moltudotte.
1143 1874 1187 1938 Et
1198 1872 1360 1941 hauendo
1374 1872 1459 1938 fatto
1471 1869 1524 1936 di·

290 2008 401 2074 segno
409 1989 453 2054 V.
469 1987 557 2055 Sria.
572 1998 607 2053 ct
620 1987 643 2053 il
655 2008 806 2054 vescouo
817 2010 880 2055 suo
893 1988 1028 2055 fratello
1040 1988 1083 2055 de
1096 1989 1147 2053 lar
1158 1986 1390 2055 ecclesiastico
1402 1996 1526 2071 questo
1612 2028 1617 2036 ·

290 2123 354 2169 suo
370 2102 535 2189 figliuolo,
555 2093 685 2189 parenii
708 2105 774 2170 che
794 2102 984 2169 doueriano
1012 2084 1152 2189 reputat
1182 2102 1324 2169 seruitio
1345 2099 1465 2171 leuarli
1492 2101 1525 2165 la

290 2217 519 2284 sollicitudine
535 2228 570 2283 et
586 2239 686 2305 spesa
702 2220 767 2287 che
784 2220 964 2286 haueuano
981 2217 1015 2284 di
1031 2219 1084 2284 iar
1100 2239 1165 2285 con
1183 2217 1243 2299 lui,
1262 2232 1296 2284 et
1312 2227 1436 2285 metter
1452 2218 1516 2285 Lu·

290 2333 346 2400 cio
363 2333 398 2399 in
415 2334 462 2399 tal
477 2333 618 2419 luogh0,
638 2334 728 2403 doue
743 2332 772 2401 si
801 2333 909 2400 faccia
935 2332 1091 2399 virtuoso
1118 2344 1154 2402 01
1182 2333 1347 2412 litterato,
1377 2354 1474 2399 come
1491 2332 1525 2398 io

290 2450 395 2515 credo
426 2449 515 2527 sera,
545 2450 690 2515 lacendo
716 2452 836 2517 honor'
865 2460 900 2517 et
928 2449 1044 2515 dando'
1073 2471 1162 2536 gran
1193 2448 1428 2518 consolatione
1458 2448 1524 2517 alle

291 2564 378 2634 Srie.
400 2566 443 2631 V.
462 2576 496 2631 et
518 2562 662 2651 aggiuto
683 2564 870 2649 spirituale,
900 2585 997 2631 come
1024 2586 1137 2650 spem,
1156 2585 1176 2630 a
1204 2574 1293 2629 tutta
1314 2573 1446 2632 cotesta
1462 2584 1525 2629 sua

288 2654 385 2762 011111,
404 2701 465 2767 per
481 2681 502 2745 l'
519 2678 666 2768 aggiuto
682 2680 859 2766 spirituale
875 2680 964 2746 della
991 2681 1092 2766 quale
1114 2682 1205 2747 sorsa
1220 2682 1284 2746 che
1306 2678 1401 2746 lddio
1418 2680 1521 2746 vuole

290 2799 458 2882 adoperar
489 2798 603 2881 quello
629 2795 870 2863 instrumento.
902 2797 967 2864 Del
993 2807 1103 2876 resto,
1122 2806 1251 2881 quanto
1282 2817 1302 2862 a
1333 2795 1390 2862 noi
1407 2808 1519 2876 tocca,

291 2913 336 2982 V.
354 2911 444 2981 Sria.
462 2917 532 2998 pud
549 2913 616 2980 ben
637 2914 753 2978 veder'
776 2914 842 2980 che
869 2935 938 2979 non
966 2912 1149 2979 habbiamo
1176 2913 1264 2978 altro
1291 2911 1469 2990 interesse,
1483 2932 1523 2977 se

204 3101 212 3119 ,
289 3050 358 3094 11011
374 3029 431 3094 del
446 3026 593 3096 seruizio
605 3027 640 3093 di
656 3027 751 3094 lddio
767 3039 801 3093 et
817 3029 896 3094 dell'
915 3028 1060 3114 aggiuto
1073 3027 1151 3094 dell'
1167 3027 1280 3094 anima
1292 3038 1401 3106 suaet
1419 3026 1520 3108 altre,

290 3147 354 3210 che
370 3166 431 3230 per
446 3143 495 3209 lui
511 3155 678 3229 potranno
693 3164 808 3210 essere
824 3143 1015 3230 aggiutate.
1035 3145 1064 3208 E
1079 3145 1192 3212 anche
1207 3144 1256 3209 lui
1273 3165 1341 3208 non
1363 3144 1381 3208 ὲ
1404 3154 1522 3210 accet-

290 3269 360 3326 tato
376 3260 464 3326 nella
481 3259 695 3345 Compagnia
711 3273 838 3340 nostra,
858 3261 901 3326 ne
916 3261 935 3327 ὲ
952 3281 1012 3345 per
1029 3261 1079 3326 lar
1094 3258 1309 3345 professione
1331 3258 1366 3324 in
1390 3257 1518 3344 quella,

289 3376 409 3442 seben
425 3376 571 3455 volesse,
589 3373 623 3440 di
641 3375 661 3440 8
679 3397 700 3440 0
721 3395 760 3441 10
775 3375 868 3457 anni,
883 3375 995 3442 insino
1011 3399 1032 3443 a
1049 3385 1145 3442 tanto
1160 3378 1226 3443 che
1238 3375 1289 3441 sia
1301 3374 1462 3442 litterato.
1480 3373 1523 3438 Et

291 3503 412 3574 questo
430 3499 534 3576 tenga
551 3512 610 3574 per
626 3501 721 3558 certo
750 3493 793 3558 V.
825 3489 929 3573 Sria.,
958 3493 1023 3559 che
1038 3511 1100 3576 per
1128 3489 1223 3557 molti
1244 3489 1338 3569 anni,
1361 3511 1458 3556 come
1476 3490 1523 3554 110

292 3605 399 3685 detto,
418 3605 465 3671 lui
481 3627 551 3671 non
567 3605 596 3671 si
613 3609 786 3672 accettara
802 3607 1057 3692 aprosessione,
1074 3620 1110 3672 et
1126 3607 1191 3672 che
1207 3606 1242 3671 in
1260 3618 1382 3692 questo
1403 3626 1523 3671 mezzo

291 3721 325 3786 lo
340 3725 436 3806 potral
454 3721 568 3789 veder'
587 3732 621 3790 et
638 3721 823 3788 consolarsi
840 3743 905 3789 con
921 3721 970 3789 lui
986 3723 1043 3789 nel
1059 3721 1188 3808 Signor
1209 3735 1340 3788 nostro:
1365 3721 1409 3786 ad
1424 3741 1522 3785 man-

292 3837 357 3901 cho
373 3837 416 3902 da
432 3847 528 3923 parte
546 3849 663 3902 nostra
685 3859 752 3902 non
775 3836 917 3904 testard.
949 3838 1055 3903 Tutto
1081 3848 1204 3922 questo
1219 3837 1343 3918 inteso,
1368 3837 1418 3922 gli
1432 3837 1525 3902 las'so

292 3949 499 4018 considerar'
517 3973 555 4018 se
570 3955 615 4017 ha
632 3951 691 4038 piu
708 3953 889 4020 occasione
905 3951 940 4019 di
957 3952 1041 4052 larci
1056 3952 1174 4039 grazie
1189 3950 1204 3992 ‘¹
1219 3953 1276 4020 del
1295 3942 1438 4020 seruitio
1454 3952 1523 4018 che

226 4053 229 4062 ’
293 4065 324 4132 10
341 4067 500 4133 111111111111
517 4070 615 4148 fatto,
634 4089 654 4133 o
671 4067 705 4133 di
721 4067 847 4136 dolersi
871 4067 905 4133 di
923 4067 992 4133 1101.

361 4183 387 4246 11
402 4183 522 4269 signor
540 4183 652 4270 Luygi
669 4183 701 4248 di
720 4185 909 4252 Mendozza
936 4206 1005 4250 non
1022 4186 1067 4249 ha
1083 4194 1207 4270 saputo
1235 4182 1351 4251 niente
1373 4182 1487 4249 insino
1504 4205 1525 4247 a

295 4306 390 4362 tanto
407 4301 470 4364 che
483 4297 586 4364 Lutio
603 4301 639 4364 su
657 4299 794 4385 partito,
812 4310 847 4368 et
864 4300 996 4365 allhora
1012 4298 1045 4364 io
1061 4299 1111 4385 gli
1126 4298 1209 4365 dissi
1225 4321 1245 4364 a
1261 4298 1309 4365 lui
1318 4285 1360 4365 'et
1380 4297 1522 4363 1111101-

295 4411 344 4478 rio
361 4415 415 4479 del
433 4435 519 4498 papa
537 4415 548 4446 ·
566 4414 601 4480 111
618 4414 847 4484 consessione.
878 4419 935 4483 Ma
951 4416 1110 4482 vedendo
1135 4421 1190 4502 poi
1206 4413 1231 4481 il
1249 4435 1329 4482 caso
1354 4413 1523 4480 accaduto

349 4621 363 4660 1¹
382 4618 465 4688 griae
476 4637 532 4675 ms.

348 4781 359 4813 ⁴
397 4780 550 4853 Philippus
565 4779 736 4838 Archintus¹
