3625 5375
555 416 659 473 Eersr.
678 413 886 487 aza-nense
906 416 1089 471 semirasi
1108 427 1178 485 ¹549
1388 428 1438 485 541
1540 440 1544 448 ·

243 570 382 647 theologi
406 570 447 628 illi
471 570 545 643 duo,
564 588 644 645 quos
662 572 810 629 ue'nturos
833 588 888 645 per
911 570 1015 629 literas
1027 577 1109 659 'ante
1128 569 1281 644 pollicitus
1300 586 1381 628 sum:
1401 568 1478 629 alter

246 685 293 736 est
303 676 450 736 Alfonsus
461 677 630 749 Salmeron,
641 652 798 753 hispanus,
810 678 886 736 alter
897 678 1006 737 Petrus
1017 677 1170 749 Canisius,
1181 677 1362 753 geldrensis,
1373 694 1391 734 e
1402 676 1474 735 Sici-

245 784 284 843 lia
298 793 437 844 uocatus
448 782 552 843 Ambo
567 802 638 843 cnm
651 786 733 843 vitae
746 786 928 863 integritate,
943 793 1008 843 tum
1023 802 1178 844 sacrarum
1192 785 1345 843 literarum
1358 785 1476 859 peritia,

245 901 337 966 atque
359 894 442 951 omni
464 894 628 952 christiano
649 894 773 951 homine
798 894 892 969 digna
914 893 1085 952 eruditione
1104 893 1271 951 excellunt·
1296 892 1476 951 sacerdotes

244 998 336 1059 ambo
351 999 391 1057 dc
405 1000 569 1072 Societate,
580 1016 662 1074 quae
674 1000 747 1073 Jesu
762 1002 885 1059 nomine
900 1018 937 1059 ac
951 1001 1040 1059 titulo
1054 1000 1234 1059 celebratur.
1249 1000 1313 1058 Eos
1327 1000 1402 1057 nihil
1416 998 1475 1057 du-

246 1108 322 1167 bitat
335 1108 451 1167 Ssmus
465 1108 504 1169 D.
524 1108 561 1169 N.
576 1109 740 1184 praeclaris
759 1107 891 1167 Excsue
912 1109 950 1167 V.
973 1108 1211 1185 cogitationibus
1232 1108 1407 1183 plenissime
1427 1124 1476 1169 re-

245 1232 424 1289 sponsuros,
435 1224 466 1273 et
477 1216 507 1273 in
518 1216 575 1275 ista
587 1216 772 1291 amplissima
783 1215 942 1291 prouincia
953 1232 1017 1274 non
1027 1217 1128 1274 minus
1138 1215 1285 1290 ponderis
1296 1215 1475 1273 docentium

243 1324 338 1380 vitam
353 1340 446 1397 quam
461 1324 557 1382 uerba
571 1324 751 1383 habituram.
1433 1389 1436 1395 ,

304 1430 432 1488 Mittitur
445 1448 516 1489 cum
530 1432 566 1488 iis
581 1432 672 1489 etiam
683 1432 721 1491 D.
737 1430 894 1503 Claudius,
908 1438 940 1489 et
953 1430 1020 1506 ipse
1032 1431 1197 1507 theologus
1212 1447 1282 1489 cum
1296 1430 1401 1505 primis
1412 1430 1475 1487 cla-

242 1554 304 1608 rus,
318 1554 412 1611 quem
426 1538 463 1595 V.
479 1538 709 1627 E.·nominatim
722 1545 916 1613 poposcerat
931 1538 972 1611 Is,
986 1540 1199 1612 quanuisnon
1217 1538 1316 1611 possit
1335 1536 1401 1594 istic
1421 1516 1475 1595 diu

243 1646 435 1716 commorari,
449 1647 515 1703 eius
528 1653 631 1703 tamen
646 1645 763 1719 aliquot
776 1646 827 1704 uel
841 1646 961 1705 dierum
975 1646 1024 1705 uel
1038 1647 1189 1705 mensium
1204 1662 1298 1720 opera
1312 1644 1404 1701 ualde
1417 1644 1475 1701 vti·

244 1752 279 1809 lis
294 1752 394 1811 sutura
412 1753 512 1811 estad
528 1754 721 1827 pulcherrimi
736 1762 767 1811 et
780 1754 916 1811 maxime
934 1754 1073 1813 salutaris
1092 1754 1194 1829 operis
1212 1753 1411 1811 fundamenta
1430 1753 1473 1809 ia-

243 1860 363 1919 cienda.

212 2030 214 2033 ,
302 1966 373 2023 Hoc
389 1966 514 2039 quidem
529 1968 639 2025 horum
653 1967 778 2025 fratrum
793 1966 957 2043 collegium
972 1967 1074 2025 omnia
1087 1966 1198 2039 studia,
1209 1984 1318 2025 omnes
1329 1982 1418 2024 curas
1428 1966 1474 2022 vi·
1557 1956 1561 1963 ’

242 2072 393 2149 giliasque
408 2091 480 2131 suas
496 2074 525 2131 in
541 2074 571 2131 id
587 2092 682 2133 unum
696 2074 824 2145 confert,
838 2082 872 2133 ut
886 2074 1072 2149 deprauatos
1086 2076 1196 2133 horum
1214 2081 1388 2148 temporum
1406 2091 1474 2130 mo-

241 2198 289 2239 res
309 2180 462 2252 emendet,
482 2189 513 2239 et
530 2198 600 2240 cum
618 2182 700 2241 uitae
719 2182 879 2257 exemplis,
894 2190 959 2242 tum
972 2183 1141 2239 animarum
1155 2180 1394 2255 expiationibus,
1409 2188 1474 2240 tum

241 2304 316 2347 uero
331 2306 369 2347 eo
384 2289 549 2347 litterarum
563 2288 771 2377 aendoctrinae
785 2306 910 2365 genere,
920 2288 1006 2364 quod
1020 2306 1096 2363 pura
1107 2290 1288 2362 sinceraque
1301 2288 1365 2353 fide
1379 2297 1411 2346 et
1424 2306 1473 2346 sa·

241 2398 408 2454 crosanctis
421 2398 494 2471 Jesu
509 2395 620 2455 Christi
631 2398 803 2473 praeceptis
813 2398 927 2469 nititur,
937 2416 955 2455 a
964 2397 1144 2472 perniciosis
1158 2396 1351 2471 voluptatum
1372 2396 1473 2454 illece-

170 2494 172 2500 '
241 2502 303 2561 bris
318 2503 358 2561 ad
372 2502 454 2561 bene
468 2504 621 2577 beateque
635 2504 761 2563 uiuendi
776 2506 934 2576 rationem,
949 2523 968 2565 a
985 2522 1077 2563 carne
1095 2505 1135 2562 ad
1154 2504 1300 2578 spiritum,
1320 2522 1338 2561 a
1356 2503 1474 2561 mundo

240 2608 280 2669 ad
294 2608 396 2668 Deum
409 2612 568 2668 hominum
582 2619 700 2669 mentes
714 2619 834 2671 auocet.
1268 2582 1274 2599 ι

299 2717 368 2776 Hac
387 2736 461 2776 sane
480 2718 642 2794 disciplina
660 2738 813 2794 quaenam
833 2721 1094 2779 accommodatior
1116 2737 1185 2778 esse
1203 2721 1301 2795 possit
1319 2720 1367 2777 his
1384 2737 1473 2794 prae-

240 2826 343 2884 sertim
357 2826 557 2900 temporibus,
572 2828 647 2886 etin
661 2827 823 2886 Germania
838 2829 983 2899 maxime,
998 2828 1049 2885 ubi
1064 2829 1198 2899 vineam,
1212 2845 1306 2902 quam
1324 2827 1489 2902 plantauit

238 2931 369 2990 dextera
382 2931 516 3005 Domini,
531 2951 605 3008 aper
619 2935 658 2992 de
673 2935 750 2992 silua
764 2935 979 3007 exterminare,
995 2943 1026 2992 et
1039 2935 1200 3011 singularis
1210 2935 1293 2993 ferus
1303 2918 1472 3010 depascere

238 3047 376 3112 conatur,
391 3039 429 3098 ad
445 3040 599 3098 bonorum
612 3042 731 3100 animos
746 3041 776 3100 in
790 3050 874 3100 recta
888 3044 1040 3100 sententia
1053 3043 1283 3102 confirmandos
1294 3050 1326 3100 et
1336 3049 1473 3100 errantes

239 3165 315 3204 oues
330 3148 370 3205 ad
386 3146 498 3206 Christi
513 3148 632 3206 caulam
645 3159 657 3188 ¹
671 3149 877 3208 reuocandas?
896 3150 966 3208 Hos
978 3150 1070 3226 igitur
1084 3150 1200 3222 Patres,
1214 3150 1325 3222 quauis
1343 3166 1472 3208 venera·

238 3255 321 3314 tione
336 3255 542 3330 dignissimos,
557 3256 635 3314 laeta
648 3255 746 3315 fronte
756 3263 788 3314 et
801 3258 937 3316 maxime
948 3257 1103 3315 beneuolo
1119 3258 1221 3315 animo
1235 3255 1354 3318 Exc.tia
1368 3257 1407 3316 V.
1418 3273 1471 3314 ac-

237 3363 338 3436 cipiet.
353 3360 392 3420 Et
406 3364 552 3436 quoniam
566 3365 607 3420 ita
621 3363 715 3422 vitam
729 3365 933 3435 instituerunt,
948 3374 979 3422 et
993 3366 1070 3423 baec
1085 3373 1133 3422 est
1147 3364 1267 3441 collegii
1282 3365 1329 3422 sui
1343 3365 1471 3435 sanctio,

238 3475 272 3528 ut
285 3486 348 3526 non
363 3486 443 3542 quae
458 3488 523 3541 sua,
539 3470 594 3528 sed
609 3488 689 3544 quae
701 3471 775 3544 Jesu
790 3469 901 3528 Christi
915 3473 984 3544 sint,
999 3479 1157 3545 quaerant,
1171 3480 1203 3530 et
1217 3472 1247 3528 in
1257 3446 1345 3528 ‘diem
1360 3470 1400 3528 de
1414 3470 1470 3532 ad·

238 3575 372 3634 uentitiis
386 3584 479 3650 atque
494 3577 605 3636 oblatis
619 3579 767 3648 uictitent;
782 3595 891 3651 eaque,
906 3596 987 3652 quae
1001 3579 1041 3637 ad
1055 3580 1150 3638 uitam
1168 3578 1343 3655 degendam
1362 3596 1470 3638 neces-

238 3684 315 3742 satis
339 3683 542 3758 suerint„sibi
567 3685 631 3743 istis
656 3687 686 3743 in
711 3685 786 3744 locis
811 3686 893 3744 nulla
915 3705 957 3744 ex
977 3696 1063 3761 parte
1084 3686 1236 3760 defutura,
1253 3687 1328 3760 jesu
1349 3684 1471 3744 Christo

237 3791 364 3849 domino
382 3810 439 3850 suo
459 3800 490 3850 et
513 3791 627 3851 Exffle
643 3793 681 3851 V.
699 3795 813 3867 pietate
832 3793 910 3866 freti,
928 3795 1052 3852 minime
1071 3794 1221 3854 dubitant.
1241 3794 1471 3868 nequissimum

236 3915 311 3958 uero
330 3908 377 3957 est
396 3907 532 3958 serentes
551 3917 597 3972 ea,
616 3917 696 3974 quae
716 3901 838 3975 spiritus
861 3910 942 3974 sunt,
961 3920 1042 3976 quae
1061 3904 1182 3978 corpori
1206 3903 1379 3962 necessaria
1400 3910 1472 3960 sunt

237 4013 362 4064 metere.

295 4113 489 4188 Sperandum
510 4123 593 4173 certe
614 4124 661 4174 est
686 4133 747 4174 non
771 4116 942 4188 defuttuos,
966 4118 1028 4190 qui,
1053 4126 1085 4175 et
1107 4119 1189 4176 vitae
1213 4117 1414 4178 admiratione
1438 4124 1470 4175 et

236 4229 471 4296 praeceptorum
490 4223 651 4280 sanctitate
670 4223 805 4295 adducti,
824 4241 857 4280 se
876 4225 907 4281 in
926 4226 1036 4282 horum
1055 4224 1178 4283 Patrum
1197 4206 1390 4299 disciplinam
1407 4231 1468 4282 tra-

236 4327 319 4387 dant.
340 4329 374 4386 Id
390 4329 414 4386 si
433 4331 570 4388 euenerit
588 4329 663 4407 (non
683 4332 765 4388 enim
783 4331 905 4388 vineam
920 4348 1008 4389 suam
1022 4333 1145 4390 visitare
1159 4333 1311 4390 Dominus
1326 4330 1469 4411 desinet),

235 4437 410 4496 huiusmodi
424 4455 526 4496 nouos
540 4439 698 4512 operarios
713 4439 747 4497 E.
768 4438 805 4500 V.
828 4441 925 4516 gratia
946 4447 977 4497 et
997 4440 1103 4499 fauore
1124 4459 1183 4500 suo
1202 4449 1417 4516 prosequetur,
1437 4450 1469 4501 et

289 4666 301 4700 ²
337 4665 387 4720 es.
403 4665 538 4738 nxx1x,
556 4677 601 4734 14.
