3625 5375
514 506 619 561 Emer.
640 514 892 575 sau-anum
911 482 1080 561 baernam
1101 504 1170 576 1548
1366 508 1420 581 289

226 668 342 725 essent
357 656 400 724 ad
417 654 531 724 studia
546 656 608 737 ire,
627 656 768 744 perinde
785 658 827 725 ad
849 656 992 745 quacuis
1012 658 1078 726 alia
1097 658 1296 741 ministeria,
1313 673 1353 727 vt
1368 660 1454 730 culi·

227 794 291 839 nae
307 782 374 841 etc.
394 772 561 843 Tertium:
580 795 624 838 an
641 773 701 857 qui
717 772 760 838 ad
777 772 890 839 studia
907 772 1122 841 mitterentur
1136 774 1247 862 parati
1263 751 1378 845 essent
1394 800 1454 845 au-

226 886 356 957 ditores
372 888 424 957 vel
442 888 589 957 lectores
610 896 698 970 esset
716 900 751 955 et
767 910 850 954 num
870 886 1030 975 discipuli
1049 912 1071 957 a
1090 889 1214 977 quouis
1232 891 1396 979 magistro
1420 907 1456 963 et

228 1004 351 1089 quauis
368 1004 403 1071 in
420 1004 583 1071 facultate
599 1002 708 1090 parati
725 1012 841 1071 essent
857 1002 988 1086 audire;
1011 1014 1047 1073 et
1066 1005 1222 1093 magistri
1242 1006 1344 1075 etiam
1368 1028 1454 1095 qua-

226 1120 280 1187 uis
297 1120 331 1186 in
347 1121 510 1187 facultate
526 1118 735 1206 praelegere,
754 1116 856 1186 etlam
874 1118 902 1185 si
917 1141 989 1188 rem
1007 1142 1146 1206 prorsus
1165 1120 1394 1209 incognitam,
1418 1137 1455 1191 vt

228 1247 322 1322 puta,
341 1235 369 1302 si
391 1237 435 1304 de
457 1234 608 1311 caldaica
629 1235 684 1303 vel
705 1234 867 1303 hebraica
890 1233 1011 1322 lingua
1034 1236 1269 1304 disserendum
1294 1250 1385 1307 esset
1408 1240 1453 1319 ei,

228 1350 287 1436 qui
303 1362 459 1419 neutram
476 1372 626 1436 vnquam
643 1350 795 1436 linguam
813 1349 1045 1419 addidicisset.
1068 1352 1200 1420 Omnes
1219 1376 1304 1441 ergo
1324 1353 1455 1443 sigilla-

229 1466 288 1533 tim
304 1477 440 1553 scerpto
457 1468 713 1551 respondentes
735 1468 776 1531 ad
793 1466 907 1531 omnia
923 1468 988 1535 hec
1007 1489 1045 1536 se
1061 1467 1331 1554 promptissimos
1351 1472 1455 1537 obtu-

172 1600 177 1609 ·
226 1572 352 1663 lerunt,
369 1582 413 1651 ad
429 1578 650 1669 impossibilia
665 1580 824 1649 humanis
841 1582 972 1649 viribus
985 1583 1073 1671 (freti
1089 1584 1304 1653 obedientiae
1315 1584 1455 1672 virtute)

227 1698 328 1766 etiam
345 1696 563 1787 paratissimi3
582 1697 674 1783 quod
691 1720 773 1766 sane
790 1720 950 1785 magnam
968 1698 1068 1765 nobis
1082 1682 1256 1767 laudandi
1267 1702 1332 1768 Dei
1352 1722 1455 1769 occa-

229 1814 372 1894 sionem,
395 1812 495 1880 cuius
515 1812 591 1883 vice
612 1815 677 1879 hoc
694 1814 822 1879 donum
839 1824 904 1896 est,
923 1814 1080 1900 prestitit.
1096 1816 1165 1883 Sed
1178 1837 1219 1883 ex
1231 1816 1285 1882 his
1298 1817 1456 1884 omnibus
1530 1809 1537 1821 '

228 1930 345 1997 decem
363 1929 462 1998 electi
480 1939 573 2009 sunt,
591 1930 634 1997 de
651 1950 795 2015 quorum
814 1928 1024 2015 profectione
1036 1952 1096 2017 per
1107 1928 1190 1999 alias
1202 1930 1317 1999 literas
1329 1945 1382 1999 est
1393 1955 1456 1999 vo-

226 2046 282 2112 bis
297 2043 544 2133 significatum‚
563 2067 650 2131 quos
666 2042 730 2110 iam
750 2046 942 2111 Messanam
960 2045 1158 2131 peruenisse
1178 2070 1220 2115 ex
1242 2045 1349 2114 literis
1369 2070 1453 2114 con-

180 2154 186 2163 '
228 2172 308 2243 stat3
325 2172 373 2240 et,
392 2160 481 2225 sicut
498 2182 565 2225 non
583 2158 658 2228 sine
675 2158 810 2245 magnis
827 2156 997 2245 periculis,
1016 2159 1065 2225 sic
1082 2182 1145 2229 nec
1162 2162 1235 2228 sine
1253 2162 1366 2229 fructu
1383 2164 1455 2250 spi-

227 2274 341 2343 rituali
362 2276 396 2341 in
417 2275 550 2360 itinere,
571 2287 783 2361 compertum
811 2274 989 2341 habemus.
1021 2277 1103 2342 Post
1131 2299 1251 2344 eorum
1273 2278 1453 2346 decessum

227 2392 364 2477 quidam
392 2412 434 2458 ex
461 2390 527 2457 illis
555 2389 776 2470 antistitibus,
800 2412 886 2477 quos
906 2390 1111 2471 inuiserunt,
1131 2403 1339 2479 prouocatus
1368 2394 1454 2461 sorte

228 2506 495 2589 messanensium
520 2507 688 2594 exemplo,
713 2529 752 2574 se
779 2506 972 2573 desiderare
996 2505 1218 2596 significauit,
1238 2520 1275 2574 vt
1299 2508 1454 2576 Societas

226 2632 343 2693 nostra
358 2624 484 2692 Genue
500 2620 682 2710 collegium
699 2621 906 2703 admitteret,
925 2623 1017 2708 quod
1032 2620 1105 2710 ipse
1127 2622 1260 2710 erigere
1280 2646 1358 2691 cum
1380 2646 1453 2690 am-

227 2741 281 2826 pla
301 2737 446 2808 ecclesia
467 2739 650 2806 duodecim
672 2739 892 2824 capellarum,
915 2749 951 2805 et
974 2737 1065 2804 mille
1089 2741 1292 2807 ducatorum
1316 2740 1451 2806 redditu

226 2857 343 2924 dotare
359 2853 394 2922 in
411 2855 524 2922 animo
539 2855 701 2934 habebat3
720 2856 934 2940 vrgebatque
951 2866 987 2919 vt
1003 2857 1121 2922 decern
1138 2867 1198 2922 aut
1214 2854 1396 2922 duodecim
1410 2879 1452 2923 ex

226 2971 351 3039 nostris
367 2969 594 3040 mitterentur.
614 2970 651 3038 Si
668 2969 711 3035 ad
727 2969 833 3055 ipsius
850 2970 994 3056 gloriam
1011 2983 1046 3038 et
1060 2972 1196 3039 laudem
1214 2985 1265 3039 est
1282 2974 1450 3052 futurum,

226 3088 389 3175 dignetur
403 3089 499 3154 Deus
515 3089 583 3152 hoc
600 3085 782 3174 negocium
801 3085 982 3152 conficere.
1286 3058 1292 3082 Ι

292 3203 425 3272 Ciuitas
441 3202 544 3269 etiam
562 3201 749 3288 parmensis
764 3219 798 3267 et
815 3202 987 3288 papiensis
1007 3205 1019 3236 ⁸
1041 3226 1101 3290 per
1121 3204 1236 3269 literas
1256 3202 1389 3288 aliquos
1409 3226 1451 3269 ex

205 3317 350 3387 ’nostris
366 3341 385 3384 a
404 3317 506 3386 Patre
523 3317 656 3404 ignatio
671 3314 772 3384 enixe
794 3319 1008 3384 contendunt
1029 3318 1195 3401 obtinere3
1222 3319 1282 3386 sed
1306 3329 1341 3386 et
1365 3319 1451 3385 aliae

224 3433 382 3502 ciuitate's
394 3433 434 3500 in
450 3433 544 3500 ltalia
561 3432 618 3521 [et]
638 3443 734 3499 extra
750 3455 824 3502 eam
842 3431 932 3501 idem
950 3445 1127 3520 expetunt.

295 3548 467 3636 Dignetur
483 3549 579 3615 Deus
595 3557 629 3615 et
646 3570 826 3616 numerum
840 3549 879 3614 'et
895 3549 1055 3615 virtutem
1069 3547 1298 3634 operariorum
1313 3571 1452 3616 suorum

226 3663 358 3752 augeri,
378 3674 415 3731 vt
431 3685 508 3730 curn
527 3685 653 3750 magna
670 3663 776 3750 ipsius
792 3664 951 3750 gloria-et
968 3665 1112 3731 ecclesie
1132 3664 1277 3732 utilitate
1298 3663 1453 3732 Societas

226 3780 353 3866 ubique
369 3779 525 3868 gentium
543 3790 710 3846 versetur.
731 3783 855 3846 Amen.

293 3899 425 3965 Romae
441 3919 532 3963 anno
553 3897 648 3980 1'548.

295 4067 490 4152 Inscriptio.
510 4068 533 4152 †
557 4009 625 4132 lis.
652 4067 675 4152 †
702 4064 912 4134 Reuerendis
933 4065 968 4130 in
988 4065 1128 4132 Christo
1152 4067 1316 4134 fratribus
1340 4068 1457 4135 Socie-

280 4284 292 4316 ³
329 4281 415 4338 Patet
428 4297 465 4336 ex
478 4281 535 4336 hoc
548 4278 672 4350 aliisque
686 4280 759 4333 locis
777 4287 949 4350 praesentes
967 4279 1081 4333 litteras
1100 4288 1216 4351 tempus
1233 4281 1390 4353 complecti
1407 4284 1460 4354 per

228 4380 323 4429 totum
336 4387 445 4426 annum
466 4368 533 4439 1548
551 4384 722 4438 excurrens;
742 4385 808 4422 narn
829 4366 1027 4422 messanensis
1045 4367 1196 4440 expeditio
1212 4371 1366 4425 exoriente
1382 4387 1459 4427 anuo

227 4467 393 4534 comparata
408 4469 464 4526 est3
478 4457 585 4534 civitas
598 4465 696 4511 autem
711 4457 860 4529 papiensis
873 4455 910 4510 ad
924 4455 1081 4528 Ignatium.
1096 4456 1191 4512 socios
1202 4459 1379 4530 efflagitans,
1388 4461 1459 4514 scri·

226 4558 285 4625 psit
295 4563 310 4622 5
321 4545 418 4604 Martii
431 4549 540 4622 (Epist.
554 4547 679 4612 Mixtne,
692 4547 715 4617 1,
729 4545 805 4618 483);
820 4545 938 4601 demum
952 4546 989 4601 de
1003 4547 1146 4620 petitione
1156 4549 1319 4620 parmensis
1328 4548 1460 4604 civitatis

227 4639 339 4695 mentio
351 4638 385 4695 lit
398 4638 428 4694 in
440 4637 549 4693 litteris
562 4635 599 4690 ad
613 4635 777 4690 Pezzanum
792 4650 827 4690 20
841 4635 1015 4690 Decembris
1027 4643 1057 4689 et
1067 4634 1103 4690 ad
1115 4645 1250 4691 senatum
1260 4654 1457 4709 parmensem,

226 4728 331 4786 eodem
343 4727 392 4784 die
404 4727 492 4796 datis,
505 4726 612 4800 quibus
625 4724 757 4796 ignatius
772 4727 887 4780 senatui
901 4723 1025 4780 comiter
1038 4731 1128 4795 negat
1146 4723 1224 4798 quod
1242 4727 1458 4797 postulabatur.

360 4826 461 4872 Morou.
477 4823 692 4874 loram-Erret..
708 4833 767 4866 rou.
786 4821 819 4866 11.
1305 4826 1332 4868 19
