3625 5375
573 438 678 495 Emer.
699 436 837 509 aito-24
855 438 973 495 Mitem
995 438 1063 509 ¹548
1166 400 1169 407 Ι
1361 433 1397 491 33

204 590 283 677 giio,
296 601 332 657 et
347 592 520 659 mouendo
535 590 586 678 gli
601 590 698 659 cuori
709 591 754 658 de
771 590 851 657 tutti
866 591 911 656 ad
928 612 1042 659 amare
1054 603 1089 658 et
1105 612 1290 679 procurare
1301 590 1428 676 quello,

203 706 265 773 che
280 709 357 775 sari
371 706 407 775 in
422 706 484 794 pin
498 706 641 777 seruitio
655 716 693 775 et
706 706 818 794 gloria
834 728 897 775 sua
912 716 948 773 et
963 708 1030 775 ben
1047 706 1202 795 magiore
1218 708 1261 773 de
1279 704 1371 773 tutti.

266 822 408 907 Quanto
422 823 453 889 ai
481 823 588 891 breue
611 824 676 890 che
704 824 805 889 tocha
824 824 866 891 V.
896 822 984 891 Sria.
1003 844 1063 909 per
1090 821 1186 890 leuar
1206 822 1230 890 il
1250 822 1376 903 bando,
1393 821 1428 887 in

202 957 280 1003 vero
297 937 343 1003 mi
357 959 440 1023 pare
455 938 562 1006 veder
578 948 675 1005 tanto
694 947 824 1005 serrate
842 938 876 1004 le
893 948 991 1023 porte
1010 940 1041 1023 (a
1062 959 1128 1020 me3
1147 958 1208 1023 per
1230 937 1346 1033 quello
1362 938 1429 1005 che

204 1052 367 1139 iniquae
383 1064 522 1140 passato
537 1054 567 1121 si
590 1058 662 1141 puo
685 1053 911 1145 giudichare),
934 1055 999 1119 che
1025 1074 1094 1119 non
1122 1052 1168 1119 mi
1185 1055 1389 1121 bastarebbe
1404 1053 1426 1117 l'

203 1168 313 1235 animo
327 1168 362 1233 di
377 1168 503 1255 pigh'ar
519 1170 566 1236 tal
581 1180 758 1257 assumpto
773 1189 835 1256 per
854 1170 988 1251 adesso,
1007 1170 1051 1236 nd
1077 1169 1180 1238 etiam
1201 1168 1247 1235 mi
1268 1190 1348 1255 pare
1364 1170 1429 1237 che

202 1281 225 1346 l'
238 1282 420 1349 intentario
434 1286 525 1350 cena
539 1284 742 1371 ispedientc;
756 1306 826 1370 pur
840 1305 946 1351 senza
962 1295 1085 1369 questa
1105 1284 1160 1351 via
1177 1288 1246 1370 pud
1259 1286 1343 1372 jesii
1361 1284 1427 1354 X.⁰

204 1396 310 1482 aprire
324 1399 411 1467 altre
427 1419 488 1485 per
513 1399 631 1467 venire
657 1401 690 1466 ai
718 1401 905 1468 medesimo
932 1400 1002 1467 fine
1023 1401 1066 1467 de
1087 1402 1119 1466 la
1140 1382 1372 1467 eatisiactione
1393 1410 1428 1466 et

203 1514 313 1597 quiete
324 1514 368 1581 de
385 1514 478 1596 tutti3
494 1525 530 1583 et
546 1515 617 1583 cosi
633 1514 682 1598 gli
699 1515 870 1601 preghari
890 1516 935 1582 V.
954 1514 1041 1585 Sria.
1058 1538 1096 1583 se
1112 1514 1218 1601 degni
1239 1514 1379 1583 meterci
1395 1514 1427 1580 la

205 1650 300 1696 mano
316 1652 392 1711 sua,
405 1642 441 1697 et
452 1630 487 1697 io
498 1630 570 1699 cosi
587 1631 621 1697 lo
637 1634 769 1717 pregho
782 1654 802 1697 a
814 1632 847 1697 ia
858 1630 976 1699 diuina
993 1652 1056 1701 sua
1067 1628 1311 1709 misericordia,
1330 1649 1428 1698 come

204 1746 263 1833 chi
270 1747 314 1812 da
330 1768 437 1815 cuore
452 1747 609 1816 desidera
624 1748 657 1813 la
674 1747 789 1832 quiete
804 1749 848 1815 dc
864 1748 909 1814 V.
929 1746 1016 1817 Stia.
1036 1760 1072 1815 et
1088 1746 1123 1813 di
1140 1750 1243 1839 Mtro.
1258 1744 1388 1824 Giulio‚
1407 1766 1426 1810 a

203 1861 258 1928 cui
274 1863 440 1931 relatione
452 1862 498 1929 mi
510 1862 632 1930 timeto
643 1862 679 1930 in
691 1862 746 1930 cio
758 1865 825 1933 che
836 1864 1024 1951 pesassimo
1040 1862 1197 1944 insieme,
1214 1872 1248 1929 et
1266 1860 1351 1927 faria
1368 1882 1428 1946 per

202 1977 361 2065 aggiutar
373 1980 487 2063 quella
498 1980 553 2046 cio
564 1978 610 2045 mi
624 1979 705 2045 fossi
717 1980 862 2064 posibile
876 1980 935 2047 nel
950 1978 1078 2067 Signor
1094 1990 1225 2057 nostro,
1244 1976 1300 2045 cui
1317 1975 1428 2063 gratia

200 2115 332 2179 sempre
347 2094 379 2159 ci
396 2094 485 2161 facia
500 2115 667 2165 conocere
682 2106 717 2163 et
730 2094 907 2183 esseguire
919 2117 982 2161 sua
993 2093 1186 2163 santissimo
1200 2094 1340 2160 volunti
1356 2102 1380 2156 ³.
1476 2110 1479 2115 ·

264 2212 318 2277 De
333 2212 443 2279 Roma
458 2229 503 2293 24
518 2212 563 2279 de
577 2211 702 2279 Martio
723 2212 819 2295 1548.

263 2328 294 2392 A
310 2332 421 2413 tergo,
434 2326 553 2393 eodem
569 2348 689 2391 manu.
719 2326 829 2413 Copia
848 2327 892 2395 de
912 2348 980 2395 vna
1000 2348 1082 2413 para
1104 2328 1205 2393 Mtro.
1225 2328 1368 2413 Jacomo
1384 2323 1428 2391 de
1506 2368 1511 2377 ·

200 2441 314 2508 Conti.

262 2557 306 2623 In
323 2559 494 2645 Regesiis.
518 2558 817 2645 Bologna.-Estc
837 2558 893 2624 dia
913 2580 951 2626 se
972 2556 1098 2625 scrinio
1120 2562 1141 2623 ά
1163 2558 1268 2623 Mtro.
1294 2554 1428 2643 Jacobo

197 2672 241 2742 de
254 2673 358 2740 Conti
373 2695 442 2760 que
461 2675 494 2741 la
509 2674 659 2742 condesa
674 2696 713 2742 se
732 2676 871 2743 offrezia
891 2672 1015 2740 scriuir
1036 2678 1056 2740 i
1079 2674 1179 2740 Mtro.
1204 2670 1343 2756 Angelo
1359 2691 1428 2754 que

196 2788 326 2858 vinieoe
339 2796 404 2858 ace
419 2797 438 2856 i
451 2793 560 2858 Roma
574 2812 637 2877 por
650 2792 682 2856 la
701 2813 777 2877 pez,
795 2792 828 2858 la
847 2791 929 2876 qual
945 2809 983 2856 se
1003 2789 1035 2858 le
1056 2787 1292 2868 encomienda3
1316 2807 1338 2870 y
1360 2805 1427 2870 que

197 2915 326 2988 quanto
342 2907 375 2972 al
391 2908 496 2974 breue
507 2905 564 2974 del
580 2907 694 2974 bando
710 2927 780 2990 que
794 2908 896 2992 podia
909 2925 989 2991 para
1004 2926 1072 2990 que
1084 2923 1275 2972 reuocasen
1287 2907 1307 2966 ά
1321 2904 1423 2968 Miro.
1522 2961 1525 2966 .

191 3021 296 3108 Julio,
313 3044 356 3088 su
372 3022 455 3108 hijo,
473 3043 543 3108 que
558 3023 648 3089 halla
666 3033 724 3088 tan
739 3023 901 3090 cerrados
916 3023 967 3088 las
980 3031 1131 3107 puerum,
1146 3041 1214 3104 que
1227 3040 1271 3086 no
1284 3039 1322 3086 se
1334 3027 1425 3084 atre-

197 3159 240 3205 ue
254 3144 275 3204 ἑ
289 3149 405 3205 entrar
419 3160 464 3206 en
481 3139 528 3204 tal
542 3138 725 3206 demanda.
743 3141 901 3223 Despues
918 3137 1076 3223 palabras
1092 3137 1135 3202 de
1152 3131 1425 3220 cumplimiento

771 3284 797 3364 2
825 3281 849 3362 o

425 3413 565 3480 PATRI
585 3413 773 3500 JACOBO
797 3283 960 3480 {AINIO
985 3412 1046 3478 EX
1064 3410 1216 3480 COMM.

608 3548 696 3591 nomi
716 3549 751 3605 24
769 3547 880 3590 neem
900 3533 970 3604 1548
991 3537 1012 3590 ¹.

204 3651 340 3708 Venetiae
352 3651 498 3708 Lainium
509 3651 663 3726 proficisci
668 3650 756 3724 jubet
774 3649 958 3725 [ἔκπινε.-
965 3649 1126 3719 Quaenam
1146 3649 1300 3705 servando
1318 3665 1338 3702 a
1360 3647 1426 3702 Lai·

247 3742 299 3797 nio
310 3741 374 3797 sint
385 3742 420 3796 in
431 3743 552 3814 agendo
564 3759 633 3797 eum
643 3740 817 3796 Florentiae
825 3739 967 3812 principe
977 3742 1014 3795 de
1025 3739 1183 3796 Societaiis
1193 3738 1319 3810 collegio
1327 3737 1361 3791 in
1369 3751 1427 3791 oua

245 3831 362 3888 diie'om
373 3830 571 3892 instituendo.
1117 3893 1131 3918 Ι,

259 3947 579 4016 Florentia.-··Este
594 3948 649 4013 dia
666 3948 679 3980 ¹
696 3968 735 4015 se
750 3945 878 4013 scriuio
894 3946 927 4012 al
943 3946 983 4012 P.
1003 3947 1153 4032 Laynez,
1171 3965 1298 4030 queen
1319 3943 1350 4012 el
1374 3953 1426 4010 to—

198 4085 266 4132 mar
280 4066 422 4151 lugeres
436 4067 573 4151 parezia
588 4069 609 4130 i
624 4063 669 4132 N.
690 4067 730 4130 P.
749 4061 889 4131 debiesc
905 4061 1111 4140 restrinirse,
1131 4081 1191 4148 por
1212 4081 1257 4126 no
1277 4080 1425 4144 occuper

243 4238 255 4268 ’
290 4235 337 4288 De
351 4236 407 4288 hoc
419 4231 540 4304 negotio
549 4233 649 4304 piures
660 4239 724 4288 toto
733 4233 788 4286 hoc
801 4247 879 4288 anno
894 4229 962 4299 1548
976 4229 1120 4302 epistolae
1133 4228 1170 4284 ad
1183 4229 1322 4283 Broritum
1336 4227 1424 4282 datae

197 4332 273 4396 eunt,
286 4321 338 4396 qui
350 4322 469 4383 tandem
483 4339 587 4395 pacem
596 4321 810 4396 optatissimam
824 4336 902 4376 anno
915 4317 1049 4392 proximo
1063 4331 1131 4389 1549
1147 4315 1287 4374 confecit.
1306 4316 1424 4388 Episto-

198 4409 406 4481 1aa...firoeti,
418 4427 486 4484 pag.
500 4425 546 4481 44.

248 4574 255 4607 ¹
291 4575 337 4630 Ex
347 4573 454 4630 codice
466 4573 588 4647 aegest.
608 4571 632 4636 1,
645 4570 695 4626 foi.
713 4582 788 4642 149r,
803 4586 880 4626 vere.
895 4569 1038 4640 22·40,1³.
1053 4567 1173 4624 Polenci
1187 4583 1285 4622 manu.

182 4747 186 4756 ι
244 4667 257 4698 ¹
292 4663 415 4719 Scilicet
427 4675 463 4732 24
475 4661 574 4717 Martii
588 4660 667 4730 1548.
681 4658 757 4716 Vide
770 4658 851 4714 done
857 4657 1025 4731 superiores
1038 4657 1189 4729 epistolas.

324 4759 429 4806 Morou.
445 4757 646 4805 lemn-tener
661 4788 667 4812 ,
682 4768 742 4802 τοι.
759 4757 795 4802 11.
1277 4753 1293 4796 ³
