3625 5375
805 434 1013 490 Mouuusurs
1032 432 1211 488 leuantur

966 588 1045 669 873

948 732 992 801 Ν.
1019 734 1063 799 Ν.

703 862 910 922 GULIELMO
929 864 972 919 IV
991 865 1089 923 DUCl
1106 864 1311 920 BAVARIAE

737 958 827 1037 noun
845 944 951 1036 nausa
969 992 1146 1036 scaranem
1166 992 1236 1051 1549
1254 984 1273 1034 ¹.

568 1107 658 1175 Socii,
672 1108 704 1161 in
721 1104 923 1162 Germaniam
932 1106 1165 1179 proficiscentes,
1177 1106 1439 1162 commendantur.

453 1237 613 1295 Venerunt
624 1237 713 1310 jussu
731 1234 819 1293 Ssmi.
839 1234 877 1293 D.
897 1234 936 1293 N.
951 1251 1022 1293 cum
1040 1235 1099 1293 hac
1118 1234 1249 1321 epistola
1268 1252 1338 1293 mea
1356 1234 1396 1292 ad
1415 1230 1561 1291 lixc.liam
1582 1230 1619 1290 V.

446 1378 454 1409 ¹
494 1377 729 1449 Exapographo,
752 1374 781 1430 in
803 1374 905 1431 codice
928 1376 1027 1447 Epist.
1051 1375 1181 1431 Polanci
1201 1394 1237 1431 aa
1261 1394 1381 1439 comm„
1407 1388 1424 1429 2
1447 1373 1494 1440 il..
1519 1391 1551 1429 n.
1575 1370 1620 1441 53,

393 1467 473 1541 prius
492 1466 737 1537 55.-Gsunrt1,
752 1482 782 1525 n.
801 1463 922 1532 XLV113
937 1464 1050 1534 Boura,
1067 1482 1097 1519 n.
1117 1464 1211 1532 va3
1231 1465 1329 1529 Puer,
1351 1464 1389 1519 La
1407 1463 1485 1519 Pe‘ra
1507 1462 1622 1518 ΟΙαιιᾰε

397 1557 435 1611 La
450 1556 523 1628 Jay,
537 1554 599 1609 lib.
622 1554 675 1625 IV,
698 1571 766 1626 cap.
792 1555 817 1624 1,
835 1570 919 1625 page.
942 1550 1072 1625 313-3163
1098 1553 1219 1617 Corios,
1242 1571 1272 1608 n.
1295 1552 1440 1608 CLXXll.
1461 1553 1501 1607 Hi
1520 1566 1621 1607 ornnes

392 1654 539 1713 auctores,
552 1642 645 1699 etalii
659 1658 717 1699 non
729 1642 822 1713 citati,
836 1642 991 1715 epistolam
1004 1643 1224 1714 exscripserunt
1236 1660 1274 1697 ex
1287 1641 1416 1697 Genelli.

448 1732 507 1789 Sed
521 1750 592 1805 pace
605 1739 753 1787 tantorum
766 1731 907 1801 virorum,
920 1729 971 1804 qui
984 1748 1049 1787 eam
1060 1732 1174 1803 lignatio
1185 1732 1362 1802 tribuerunt,
1372 1732 1451 1787 illius
1461 1732 1547 1787 nobis
1561 1730 1623 1805 qui-

392 1824 461 1879 dem
475 1839 541 1878 esse
554 1820 752 1877 nou-videtur.
767 1820 920 1893 Quaedam
931 1820 1049 1876 enimin
1061 1821 1125 1893 ipsa
1137 1820 1395 1892 deprehendimus,
1405 1838 1480 1894 quae
1491 1821 1623 1892 &nanus

395 1930 452 1969 non
466 1910 642 1984 scripsisset,
657 1909 800 1983 quaedam
813 1910 901 1965 etiam
916 1909 1130 1981 desideramus,
1142 1927 1217 1982 quae
1231 1910 1424 1982 proculdubio
1436 1928 1495 1965 non
1510 1910 1622 1965 omisis·

394 2010 451 2058 set,
466 2004 565 2073 Atque
579 1998 609 2054 iu
619 1998 720 2071 primis
730 2014 788 2053 non
799 2006 953 2070 tantopere
963 1998 1099 2053 laudibus
1109 1999 1266 2055 extulisset
1275 2000 1406 2070 Ignatirn
1415 1999 1533 2055 sodales
1543 2016 1612 2055 suos

395 2108 469 2165 quos
487 2090 517 2147 in
534 2087 722 2145 Germaniam
741 2088 888 2157 mittebat,
906 2085 972 2142 sire
989 2105 1091 2143 eorum
1108 2086 1263 2144 scientiam
1280 2097 1312 2143 et
1328 2088 1538 2159 eruditionem,
1559 2088 1622 2144 sive

394 2181 536 2236 virtutem
549 2186 580 2235 et
593 2176 775 2248 diligentiam
789 2176 993 2231 commendare
1007 2178 1109 2245 vellet3
1123 2177 1251 2232 nonsibi
1265 2185 1309 2232 tot
1322 2187 1352 2233 et
1369 2185 1451 2233 tanta
1467 2195 1505 2233 ex
1522 2196 1622 2233 eorum

395 2268 581 2325 institutione
600 2266 747 2339 pollicitus
764 2274 854 2327 esset.
869 2266 898 2321 in
912 2265 1110 2337 proximorum
1123 2264 1282 2321 utilitatem
1297 2275 1457 2330 manatura:
1472 2285 1531 2323 non
1544 2266 1623 2322 deni·

395 2376 453 2431 que
466 2365 526 2413 tam
540 2356 697 2412 sollicitum
710 2372 743 2410 se
757 2355 942 2427 praebuisset
954 2352 1108 2424 (Barariae
1125 2355 1251 2427 principi
1268 2355 1459 2426 scribentem)
1476 2356 1515 2411 de
1531 2355 1639 2411 socio'

394 2466 458 2503 rum
476 2447 558 2503 victu
571 2443 760 2517 procurando,
776 2462 814 2499 ne
827 2443 985 2517 quidquam
998 2444 1057 2500 illis
1069 2443 1198 2500 deesset.
1212 2446 1256 2499 Ex
1269 2444 1325 2500 alia
1339 2462 1410 2500 uero
1423 2453 1505 2517 parte
1517 2446 1624 2501 frustra

396 2538 426 2592 in
439 2538 493 2593 hac
506 2536 630 2608 epistola
642 2534 810 2607 quaerimus
823 2534 987 2589 locutiones
999 2534 1037 2588 ab
1050 2533 1165 2605 ignatio
1176 2535 1309 2606 usurpari
1319 2534 1433 2605 solitas,
1444 2537 1552 2607 quibus
1561 2534 1624 2603 ejus

291 2642 293 2647 ·
395 2635 426 2682 et
440 2624 597 2681 Societatis
610 2640 680 2696 erga
694 2623 839 2697 principes
852 2622 1040 2678 devotionem
1051 2631 1187 2693 testatur,
1197 2641 1264 2678 cum
1275 2626 1351 2680 solet
1360 2642 1394 2679 se
1403 2622 1434 2678 et'
1445 2623 1625 2679 Societatem

391 2717 558 2772 universam
577 2732 678 2770 eorum
696 2713 799 2786 pietati
818 2729 852 2768 ac
869 2711 1005 2783 religioni
1022 2713 1218 2785 committere3
1237 2711 1309 2786 quin
1327 2714 1416 2768 etiam
1434 2715 1464 2769 in
1488 2723 1550 2770 tota
1571 2715 1625 2768 hac

389 2805 514 2878 epistola
527 2819 697 2876 numquam,
710 2818 777 2857 cum
791 2801 828 2856 de
841 2801 929 2856 sociis
942 2810 993 2856 aut
1002 2801 1041 2856 de
1054 2801 1117 2873 ipsa
1127 2801 1276 2858 Societate
1286 2803 1398 2873 scribit,
1412 2803 1540 2876 loquitur
1555 2815 1624 2859 tam-

390 2912 477 2968 quam
489 2893 527 2949 de
536 2911 569 2948 re
579 2892 705 2966 propria,
720 2909 877 2963 numquam
888 2899 959 2960 tuuc
969 2891 1140 2962 pronomina
1150 2890 1319 2962 possessiva
1328 2901 1378 2946 aut
1389 2893 1564 2963 personalia,
1575 2900 1625 2947 aut

393 2985 500 3056 primas
514 2999 665 3055 personas,
679 2989 712 3036 ut
724 2981 817 3052 ajunt,
830 2979 960 3034 adhibet:
976 2991 1110 3035 «nostros
1122 2980 1229 3049 socios,
1241 2988 1370 3036 nostram
1381 2979 1573 3052 Societatem,
1584 2982 1625 3036 vi·

392 3083 453 3128 tam
466 3071 658 3140 instituimus,
672 3069 868 3144 quaerimusis,
883 3077 914 3124 at
926 3068 1010 3141 quasi
1023 3068 1147 3141 scriptor
1157 3069 1194 3124 ad
1204 3077 1332 3124 nostram
1341 3069 1481 3125 familiam
1493 3088 1552 3126 non
1563 3087 1626 3142 per·

394 3161 513 3232 tineret,
532 3159 584 3218 sed
602 3160 715 3214 alienus
733 3166 824 3228 esset,
842 3157 879 3214 de
899 3157 1007 3213 nostris
1025 3158 1175 3214 sodalibus
1197 3175 1233 3213 ac
1254 3159 1291 3213 de
1314 3159 1463 3215 Societate
1486 3160 1625 3232 loquitur.

394 3252 479 3322 Quae
493 3249 590 3304 omnia
602 3247 746 3320 exemplis
759 3247 925 3302 confirmari
937 3254 1053 3302 nonest
1065 3263 1200 3315 necesse;
1215 3249 1328 3314 legenti
1337 3266 1385 3303 res
1399 3248 1523 3319 patebit.
1538 3250 1628 3320 Juva·

396 3341 438 3396 bit
450 3350 548 3395 tamen
561 3340 635 3393 hanc
646 3339 799 3409 epistolam
812 3353 878 3391 curn
890 3335 939 3391 illa
951 3336 1094 3406 conferre,
1110 3353 1198 3409 quam
1209 3338 1334 3392 Alberto
1344 3338 1381 3408 V,
1393 3337 1535 3392 Bavariae
1548 3335 1628 3406 duci,

394 3429 432 3484 de
447 3427 551 3483 eodem
564 3433 738 3497 argumento
751 3425 868 3497 scripsit
881 3433 963 3480 certe
979 3425 1113 3495 Ignatius
1126 3441 1144 3494 9
1161 3425 1243 3497 Junii
1258 3428 1338 3494 1556.
1360 3427 1481 3491 Cattos,
1496 3427 1545 3499 vl,
1563 3439 1627 3496 495.

449 3517 543 3587 Igitur
554 3515 678 3571 candide
696 3515 822 3574 fatemur
840 3516 916 3569 hanc
933 3515 1087 3586 epistolam
1105 3515 1220 3586 Ignatio
1238 3531 1297 3570 non
1315 3517 1381 3570 es'se
1399 3514 1628 3582 attribuendam

394 3605 448 3662 sed
466 3621 572 3676 magno
589 3603 677 3660 alicui
696 3602 769 3675 viro,
783 3602 876 3675 quiin
890 3603 1036 3657 sociorum
1049 3602 1333 3658 commendationem
1348 3604 1489 3659 anariae
1502 3605 1630 3677 principi

394 3713 433 3750 ex
447 3696 528 3751 Urbe
541 3693 712 3766 scripserat.
730 3693 767 3748 Et
780 3691 898 3766 quidem
911 3693 1063 3764 probabile
1076 3701 1123 3746 est
1136 3693 1211 3748 hanc
1224 3692 1378 3764 epistolam
1396 3711 1465 3748 esse
1483 3693 1629 3760 eamdem,

397 3801 484 3856 quam
499 3783 648 3839 Gulielmo
660 3781 703 3836 tv
717 3781 836 3836 miserat
848 3780 914 3852 ejus
932 3789 1027 3835 orator
1045 3779 1122 3853 apud
1141 3780 1320 3852 pontificem,
1335 3781 1373 3837 de
1391 3799 1448 3854 qua
1465 3781 1499 3838 fit
1518 3782 1630 3838 mentio

397 3873 426 3928 in
441 3872 564 3944 epistola
578 3871 730 3943 superiore
743 3869 779 3925 ad
793 3869 956 3928 Canisium.
971 3869 1062 3925 Porro
1074 3887 1150 3941 eam,
1162 3878 1195 3924 ut
1205 3877 1268 3925 erat
1280 3869 1474 3926 clarissimum
1488 3870 1526 3926 de
1540 3871 1630 3927 sociis

395 3979 431 4018 ac
449 3960 608 4016 Societatis
626 3959 839 4030 testimonium,
854 3959 1000 4014 Polancus
1018 3959 1242 4014 exscribendam
1261 3968 1292 4014 et
1308 3958 1482 4016 servandam
1500 3959 1628 4016 censuit.

398 4052 497 4123 Atque
508 4049 537 4104 id
547 4049 666 4105 demum
677 4047 811 4122 estquod
821 4049 947 4104 habetur
957 4039 1160 4120 inscriptionis
1170 4050 1261 4104 locoa
1272 4058 1366 4120 tergo,
1375 4049 1425 4104 ubi
1436 4064 1494 4105 non
1504 4049 1630 4120 legimus
1665 4113 1669 4118 ,

397 4139 551 4211 epistolam
564 4155 581 4194 a
596 4139 723 4193 Polanco
741 4145 792 4192 aut
810 4137 848 4192 ab
866 4136 982 4206 ignatio
995 4135 1088 4192 fuisse
1102 4137 1211 4205 datam;
1225 4137 1279 4192 sed
1293 4137 1364 4192 illud
1379 4145 1504 4194 tantum:
1520 4137 1631 4210 «Copia

398 4229 477 4286 della
490 4231 595 4284 lettera
608 4243 660 4300 per
674 4227 693 4284 il
707 4226 802 4282 ducha
816 4226 853 4281 de
866 4227 992 4282 Babera.
1001 4245 1015 4278 n

453 4321 622 4387 Caeterum,
636 4316 672 4372 ad
686 4315 854 4386 scriptionis
868 4325 986 4387 tempus
997 4314 1076 4387 quod
1088 4315 1205 4386 attinet,
1219 4315 1288 4388 quia
1305 4316 1335 4371 in
1349 4314 1466 4372 laudata
1478 4315 1631 4388 superiore

399 4409 525 4481 epistola
542 4405 579 4462 de
597 4405 703 4463 litteris
716 4405 753 4460 ad
767 4405 948 4461 Gulielmum
962 4405 1004 4458 IV
1017 4403 1094 4459 datis
1106 4403 1140 4460 fit
1152 4421 1260 4474 sermo,
1274 4412 1305 4458 et
1324 4406 1353 4459 in
1370 4405 1492 4460 exordio
1507 4405 1632 4477 hujusce

397 4498 542 4570 epistolae
555 4496 593 4551 de
607 4494 789 4568 proiectione
803 4493 949 4548 sociorum
963 4492 1070 4563 agitur
1085 4492 1136 4565 qui
1148 4510 1212 4548 eam
1226 4510 1328 4547 secum
1341 4492 1457 4549 deleme
1469 4493 1631 4564 debebant,

399 4585 604 4642 existimamus
618 4583 787 4657 Septembri
800 4599 902 4638 mense
916 4581 1054 4653 scriptam
1068 4580 1172 4640 fuisse:
1188 4581 1267 4637 illam
1281 4599 1352 4637 vero
1365 4591 1431 4654 post
1448 4556 1632 4654 superiorem

398 4677 436 4731 ad
450 4675 601 4733 Canisium
615 4674 750 4746 ponimus
764 4680 883 4745 propter
896 4671 1063 4742 argumenti
1073 4672 1298 4727 connexionem.
