3625 5375
388 446 441 516 426
768 432 977 505 Mortuum
999 446 1177 502 lunantur

706 540 711 567 Ι

352 600 466 685 quella
482 600 514 666 la
530 597 697 687 giouentu
714 611 748 668 et
764 600 846 667 cittai
862 622 939 680 sua,
957 598 1197 685 procurandoli
1215 608 1403 685 augmento
1418 600 1462 665 de
1477 599 1587 680 lume,

352 737 420 782 non
442 715 630 784 solamente
651 716 695 786 de
714 716 882 797 doctrina,
911 738 965 783 ma
986 715 1044 802 piir
1064 714 1168 783 etiam
1183 715 1229 783 de
1244 716 1316 781 vita
1333 714 1534 797 christiana,
1551 729 1587 787 et

351 834 417 901 che
432 854 492 918 per
517 833 562 898 tal
585 832 697 919 gratia
713 833 856 918 (chede
876 834 951 899 solo
969 830 1075 911 lddio,
1099 832 1241 899 fontana
1260 833 1304 899 de
1326 832 1412 918 ogni
1433 830 1536 912 bene,
1554 834 1584 900 si

349 948 420 1035 pub
435 951 586 1034 sperare)
607 946 697 1014 saria
713 960 813 1035 grato
830 949 894 1016 alle
915 948 979 1016 SS.
1005 948 1083 1015 VV.
1101 948 1132 1013 si
1152 941 1370 1015 mandassino
1392 947 1508 1013 alcuni
1529 947 1584 1013 in·

350 1062 531 1132 strumenti
559 1062 594 1129 di
620 1073 741 1149 questa
769 1062 910 1129 minima
938 1074 1056 1138 nostra
1084 1063 1371 1150 congregatione,
1401 1063 1466 1130 atti
1494 1086 1515 1129 a
1536 1065 1584 1133 tal

351 1181 481 1247 effetto.

417 1297 453 1362 lo
480 1294 588 1381 prima
608 1294 776 1381 ringratio
797 1293 891 1361 lddio
918 1294 1038 1382 signor
1066 1307 1183 1363 nostro
1198 1296 1299 1361 della
1324 1294 1378 1381 pia
1403 1306 1519 1364 mente
1546 1312 1582 1364 et

350 1404 488 1479 volontd
504 1413 568 1477 che
584 1414 628 1477 ha
644 1412 739 1478 datta
759 1402 824 1477 alle
845 1412 907 1479 SS.
931 1412 1024 1491 VV.‚
1047 1411 1250 1499 preghando
1268 1411 1302 1475 la
1321 1408 1456 1485 infinita
1477 1411 1583 1478 bonta

350 1549 413 1595 sua
428 1550 467 1597 se
483 1526 589 1615 degni
605 1525 785 1613 adimpirla
801 1548 866 1593 con
888 1527 1020 1613 grande
1036 1537 1237 1593 ornamento
1253 1537 1288 1592 et
1307 1524 1486 1611 spirituale
1502 1549 1581 1613 pro·

351 1646 442 1711 fecto
466 1644 511 1711 de
533 1664 594 1709 sua
621 1640 719 1709 felice
742 1642 836 1709 citra.
864 1643 1007 1728 Quanto
1028 1663 1049 1707 a
1072 1662 1139 1719 me,
1161 1643 1250 1708 vltra
1265 1643 1329 1708 che
1345 1643 1379 1708 la
1400 1640 1530 1709 charita
1546 1643 1580 1708 di

350 1758 434 1845 Jesn
450 1758 515 1825 X.⁰
531 1757 652 1845 signor
667 1768 786 1825 nostro
803 1757 848 1825 mi
864 1757 989 1845 spinge
1005 1780 1026 1825 a
1041 1758 1298 1844 generalmente
1314 1760 1408 1826 voler
1425 1760 1457 1825 le
1472 1760 1582 1844 poche

347 1876 444 1945 'sorze
459 1884 577 1942 nostre
593 1875 789 1959 adoperarle
806 1873 841 1941 in
858 1871 999 1940 servitio
1015 1874 1103 1941 delle
1120 1873 1246 1955 anime,
1264 1875 1319 1940 col
1330 1894 1465 1959 sangue
1476 1895 1496 1940 e
1507 1874 1579 1939 vita

350 2012 413 2057 sua
424 1990 628 2077 ricuperate‚
643 2012 702 2076 per
714 1990 737 2053 l’
752 1988 868 2077 obligo
881 1988 1031 2075 speciale'
1040 1990 1084 2057 de
1096 1990 1225 2058 servire
1237 1989 1292 2056 all’
1306 1991 1411 2056 lllmo.
1425 1991 1479 2057 Sr.
1492 1990 1578 2075 Joan

350 2107 393 2174 de
406 2108 517 2192 Vega,
531 2108 585 2173 ch'
599 2108 644 2171 ha
655 2104 710 2172 nel
728 2103 856 2191 Signor
871 2114 990 2171 nostro
1005 2116 1095 2171 tutta
1111 2115 1232 2171 nostra
1248 2103 1462 2191 Compagnia
1475 2105 1580 2171 molto

350 2222 493 2308 grande,
511 2232 546 2287 et
562 2242 623 2307 per
639 2222 764 2289 vedere
779 2222 811 2287 la
826 2220 1010 2289 devotione
1025 2221 1114 2289 delle
1129 2221 1193 2288 SS.
1213 2221 1291 2289 VV.
1317 2243 1339 2306 a
1357 2232 1480 2305 questa
1499 2242 1580 2307 ope-

331 2412 336 2425 ι
351 2359 400 2417 ra,
418 2337 507 2404 della
523 2336 625 2422 quale
640 2354 741 2422 spero
759 2336 863 2401 molto
880 2336 1021 2403 seruitio
1037 2346 1071 2401 et
1087 2334 1196 2422 gloria
1211 2334 1342 2415 diuina,
1361 2334 1407 2399 mi
1423 2334 1580 2402 offerisco

351 2473 371 2518 a
391 2454 440 2517 tar
457 2452 571 2537 quello
586 2450 661 2519 sarai
678 2449 714 2517 in
730 2474 784 2519 me
801 2474 861 2537 per
877 2450 1035 2519 satissare
1050 2453 1094 2518 ad
1117 2473 1186 2517 vna
1206 2452 1253 2517 tal
1274 2471 1461 2536 cmpressa,
1485 2462 1579 2517 tanto

348 2566 407 2653 piu
423 2566 651 2635 sforzandomi
667 2604 710 2615 -
726 2604 770 2617 -
785 2604 830 2617 -
845 2604 889 2615 -
906 2568 956 2632 rla
971 2579 1001 2645 ¹,
1020 2577 1166 2651 quanto,
1185 2566 1341 2633 vedendo
1363 2565 1387 2631 il
1403 2577 1503 2632 santo
1520 2587 1579 2633 ca-

347 2684 420 2750 lore
438 2683 527 2752 delle
543 2684 608 2753 SS.
626 2684 718 2764 VV.‚
737 2687 876 2770 sperato
889 2705 933 2750 ne
949 2682 1075 2750 habbia
1091 2683 1134 2750 de
1149 2682 1299 2749 reuscire
1317 2682 1374 2768 piu
1391 2682 1535 2768 copioso
1555 2682 1579 2749 il

232 2837 236 2844 ·
351 2799 463 2867 sructo
479 2801 544 2865 che
560 2798 773 2868 desideramo
796 2799 886 2866 della
914 2797 1130 2867 edificatione
1152 2799 1241 2867 delle
1264 2798 1378 2868 anime
1393 2810 1427 2864 et
1444 2800 1578 2865 honore

268 2933 269 2938 ’
349 2916 393 2982 de
410 2915 505 2982 lddio
522 2913 642 3001 signor
658 2925 787 2998 nostru.

416 3033 557 3116 Quanto
572 3029 641 3116 agli
658 3029 866 3115 particulari,
885 3029 1055 3096 rimetomi
1071 3029 1141 3116 agli
1158 3028 1264 3098 nostri
1280 3030 1316 3096 in
1331 3031 1414 3116 jesb
1431 3031 1495 3096 X.⁰
1508 3031 1578 3096 sra-

349 3145 419 3211 telli
442 3145 511 3212 don
535 3142 702 3212 Giacomo
719 3146 858 3230 Laynez
875 3155 909 3214 et
926 3147 1028 3212 Mtro,
1049 3144 1263 3230 Hieronymo
1278 3146 1494 3229 Domenech‚
1512 3166 1578 3212 con

347 3261 395 3346 gli
411 3259 503 3346 quali
519 3282 538 3326 a
556 3261 687 3326 boucha
701 3261 733 3327 le
750 3261 813 3328 SS.
834 3261 912 3326 VV.
931 3271 1119 3326 trattarano
1134 3261 1190 3328 del
1208 3272 1299 3326 tutto
1315 3263 1340 3326 ⁸.

414 3376 497 3444 Solo
513 3397 573 3461 per
589 3387 712 3459 questa
728 3377 897 3462 pregharb
914 3377 946 3441 la
965 3375 1082 3444 diuina
1098 3388 1132 3444 et
1148 3397 1280 3442 summa
1296 3377 1402 3443 bonta
1417 3379 1461 3444 de
1482 3375 1578 3443 lddio

347 3491 466 3577 signor
488 3503 604 3557 nostro
624 3513 643 3557 a
665 3490 746 3556 tutti
766 3489 797 3556 ci
818 3490 874 3558 dia
894 3491 1150 3576 copiosamente
1166 3513 1229 3558 sua
1245 3503 1344 3559 santa
1360 3491 1471 3578 gratia
1487 3514 1508 3556 a
1523 3492 1577 3558 cib

347 3605 519 3691 possiamo
547 3614 715 3672 conocere
742 3625 805 3671 sua
829 3617 927 3672 santa
949 3607 1092 3672 volunta
1118 3619 1154 3674 et
1177 3608 1291 3691 quella
1313 3609 1576 3693 perfettamente

348 3721 524 3808 adimpire.

413 3835 457 3903 Di
474 3837 583 3902 Roma
598 3835 707 3921 primo
724 3837 767 3902 de
783 3835 929 3922 Giugno
951 3853 1047 3923 1549.
1521 3924 1526 3935 Ι

412 3955 443 4018 Α
460 3959 568 4040 tergo,
584 3953 700 4018 eudem
717 3973 838 4021 inante.
856 3952 965 4036 Copia
981 3953 1025 4018 de
1040 3975 1108 4020 vna
1124 3955 1179 4022 del
1198 3953 1240 4023 Ρ.
1258 3953 1392 4038 Ignatio
1408 3973 1490 4038 para
1507 3953 1575 4020 Pa·

347 4071 464 4138 lerino.

307 4277 310 4284 ι
413 4183 456 4248 In
478 4184 648 4270 Regestis.
674 4183 1058 4250 Palerm0.—Primero.
1078 4184 1129 4249 En
1147 4187 1290 4253 nombre
1307 4185 1362 4252 del
1382 4185 1492 4250 Padre
1509 4183 1519 4216 ⁴
1537 4205 1575 4252 sc

397 4367 411 4393 a
447 4352 565 4404 Attrita
579 4355 621 4405 est
635 4351 830 4422 aliquantum
843 4352 961 4406 charta.

347 4447 546 4459 ——u-u———n

397 4495 408 4526 ³
447 4494 522 4548 Vide
535 4493 675 4567 epistolas
688 4504 858 4567 sequentes.
873 4495 1056 4565 POLANCUS,
1073 4495 1198 4558 Cliton„
1213 4493 1313 4565 1‚379.
1428 4568 1433 4578 ¹

396 4585 408 4618 ⁸
445 4583 578 4656 Epistola
595 4591 765 4640 tamennon
783 4591 829 4639 est
847 4601 883 4639 ex
901 4585 1109 4640 commissione
1126 4586 1158 4644 S,
1177 4584 1297 4654 Ignatii,
1315 4592 1347 4638 ut
1364 4584 1476 4654 legenti
1494 4584 1573 4638 illam

345 4680 438 4743 patet.
