3625 5375
240 342 248 380 Ι

468 332 520 401 598
633 314 637 319 ’
846 334 1053 391 Monetam
1074 335 1254 391 lammeri
1293 391 1320 417 ·,

674 608 677 617 ,
1009 536 1087 617 949
1182 596 1186 609 ,

500 712 503 717 -
548 722 550 727 .
613 679 644 711 *·
677 706 679 711 -
722 628 864 743 emi
886 641 1154 746 PASCHAsro
1180 663 1372 745 arceio

807 812 896 874 'roae
916 816 953 873 23
971 831 1153 875 rovmms
1173 832 1243 889 1549
1262 819 1283 879 ¹.

458 940 613 1009 Joannem
634 942 769 997 Villalon
782 942 847 997 vult
859 944 1287 1000 commendatum-Litterae
1299 946 1428 999 nuntiae
1439 943 1630 999 mittuntur.

498 1068 750 1154 Bologna.-A
764 1070 835 1135 don
847 1068 1022 1151 Pascasio,
1037 1044 1314 1137 racomanriando
1326 1072 1381 1158 J0.
1396 1071 1439 1139 de
1452 1069 1620 1137 vinalan.

299 1204 302 1211 ·
403 1210 406 1217 ·
498 1184 550 1249 2.⁰
597 1185 793 1253 Mandando
810 1206 912 1255 noue.

1004 1354 1084 1440 950

695 1496 989 1563 ANDREAE
1027 1494 1400 1565 LIPPOMA'NO

753 1634 757 1642 '
822 1648 912 1693 noae
925 1635 962 1691 23
970 1650 1152 1693 novercans
1165 1638 1264 1708 1549'.

429 1768 476 1825 ,De
487 1770 638 1826 sociorum
655 1770 774 1825 colonia
792 1750 937 1827 'Venetiae
953 1772 1373 1830 deducenda.-.-De'Andrea
1387 1772 1531 1829 Frraeioe
1549 1772 1659 1830 Sicilia

956 1861 1136 1919 revocando.

496 1994 748 2063 Venetia-Al
764 1994 881 2081 prior'.
901 1998 977 2065 Che
992 1995 1024 2062 si
1037 1996 1273 2064 manderarmo
1288 1995 1313 2061 li
1328 1995 1479 2083 chinque
1494 1995 1654 2078 scholari,

429 2120 463 2177 et
480 2110 532 2177 fra
547 2110 620 2178 loro
636 2134 683 2177 vn
698 2114 887 2192 sacerdote,
906 2133 1055 2199 persona
1076 2112 1283 2195 qualificata,
1309 2134 1407 2179 come
1430 2113 1604 2179 domanda
1624 2114 1649 2176 ’.

495 2244 527 2291 2.
575 2227 650 2294 Che
674 2232 775 2296 Mtr0.
802 2228 944 2297 Andrea
967 2229 980 2261 ⁸
1005 2250 1065 2313 per
1085 2228 1208 2297 adesso
1228 2210 1299 2295 nen
1319 2228 1431 2315 potria
1455 2228 1595 2296 cauarsi
1615 2230 1656 2296 de

427 2339 544 2410 Sicilia
560 2341 615 2409 all'
631 2342 843 2430 improuista,
862 2365 917 2409 ma
934 2344 1000 2410 che
1015 2342 1125 2429 potria
1140 2344 1176 2411 S.
1196 2342 1286 2413 Sria.
1300 2343 1442 2411 scriuer'
1456 2346 1489 2411 al
1503 2344 1618 2411 vicere
1630 2346 1652 2422 ⁸,

427 2457 716 2545 domandandogli
732 2459 828 2525 detto
846 2460 951 2527 Mtro.
970 2460 1111 2527 Andrea
1134 2480 1195 2545 per
1211 2460 1272 2526 dar
1293 2459 1464 2546 principio
1487 2482 1507 2526 a
1530 2470 1652 2545 questo

427 2572 574 2659 collegio
589 2552 632 2641 de
645 2574 803 2656 Venetia3
818 2584 853 2640 et
865 2572 900 2640 in
914 2583 1037 2659 questo
1049 2574 1153 2639 modo
1164 2573 1277 2660 potria
1290 2574 1462 2661 aggiutar’
1474 2597 1534 2661 per
1547 2574 1650 2661 quell’

427 2690 514 2756 altro
541 2689 687 2777 disegno
714 2689 749 2755 di
777 2689 934 2758 riformar
956 2689 980 2754 li
1006 2689 1096 2770 libri,
1122 2690 1178 2757 del
1190 2690 1271 2781 qual
1294 2688 1344 2776 gli
1368 2692 1405 2756 iu
1430 2690 1550 2758 scritto
1571 2693 1652 2758 altra

426 2805 534 2876 volta.

754 2919 909 2988 Enbiado
925 2943 969 2988 en
986 2939 1029 3006 23
1045 2921 1089 2989 de
1104 2921 1325 2991 Noviembre.

480 3118 487 3150 “
526 3119 571 3173 Ex
584 3115 685 3174 codice
699 3117 818 3192 Regasi.
832 3118 859 3186 Ι,
871 3115 922 3174 iol.
939 3129 1020 3189 191v,
1037 3135 1115 3174 vere.
1130 3131 1157 3174 2.
1171 3117 1347 3190 Scriptionis
1360 3127 1477 3191 tempus
1489 3128 1608 3176 constat
1618 3135 1651 3174 ex

426 3207 552 3280 epistola
565 3207 713 3280 sequenti.

480 3387 487 3419 ¹
527 3385 571 3442 Ex
584 3385 686 3441 codice
701 3385 820 3458 Regest.
835 3385 860 3448 I,
875 3383 926 3440 foi.
943 3398 1025 3454 191v,
1039 3401 1119 3439 vere.
1133 3383 1191 3440 3-8.
1210 3386 1247 3440 Ρ.
1266 3385 1385 3442 Poianci
1402 3404 1490 3442 manu
1506 3397 1579 3442 sunt
1595 3395 1649 3441 tan·

426 3485 490 3534 tum
505 3475 603 3530 verba:
620 3473 772 3530 «Enbiado
786 3491 823 3530 en
836 3471 871 3528 23
883 3473 921 3528 de
934 3473 1146 3549 Noviembre.»

478 3569 489 3600 ²
527 3565 574 3620 De
587 3564 623 3620 iis
638 3565 722 3636 plura
734 3563 772 3618 ad
784 3571 958 3636 sequentem
971 3579 1080 3618 annum
1099 3576 1178 3632 1550.
1199 3563 1399 3636 Lippomanue
1417 3565 1496 3621 enim
1515 3561 1650 3624 «Octobri

425 3671 528 3710 mense
544 3672 561 3709 a
578 3654 666 3708 Patre
684 3653 800 3724 Ignatio
812 3652 900 3726 petiit
913 3651 1026 3724 aliquos
1038 3652 1077 3706 de
1089 3651 1240 3708 societate
1254 3653 1396 3708 Venetiae
1410 3655 1499 3726 mitti,
1513 3663 1547 3710 ut
1558 3653 1650 3709 Colle·

424 3743 508 3816 gium
519 3743 702 3813 inchoarent,
716 3757 782 3796 eum
794 3741 854 3812 jam
868 3743 950 3796 locus
963 3741 1121 3812 expeditus
1134 3750 1165 3797 et
1182 3751 1301 3813 paratus
1319 3750 1410 3801 esset.
1428 3742 1490 3797 Sed
1508 3760 1602 3815 usque
1617 3739 1649 3795 ad

425 3832 542 3890 initium
555 3832 625 3887 anni
637 3830 790 3903 sequentis
804 3829 904 3886 missio
918 3846 1012 3884 novae
1025 3829 1159 3886 coioniae
1172 3828 1229 3886 fuit
1241 3830 1408 3887 differenda
1417 3835 1456 3889 ob
1466 3833 1580 3905 aliquae
1589 3846 1648 3887 cau·

425 3939 472 3978 sae
486 3921 591 3977 rationi
604 3936 779 3979 consonas.»
793 3919 976 3991 POLANCUS,
993 3917 1118 3982 chron„
1131 3920 1157 3987 1,
1170 3933 1223 3990 404
1237 3930 1267 3975 et
1280 3934 1344 3991 405.
1379 3959 1382 3962 -

479 4013 490 4044 ⁵
528 4010 662 4066 Andreae
676 4008 807 4064 Frusius.

478 4103 491 4136 ⁸
521 4101 656 4172 'Joannes
670 4097 764 4169 Vega.
