3625 5375
371 441 407 498 72
751 432 960 486 Mouuuanna
979 428 1157 485 lanariam

337 604 419 669 gan,
438 602 568 667 porque
584 588 634 649 asi
650 581 816 650 conviene
829 589 904 649 mas
921 602 1002 669 para
1025 582 1058 648 la
1078 582 1264 669 saguridad
1286 582 1330 647 de
1350 602 1410 649 sus
1429 578 1444 621 ¹¹
1464 602 1569 647 oons-

337 697 481 766 cientias
491 720 519 783 ,y
535 690 691 783 duietnd,
709 720 730 783 y
753 720 835 785 para
857 711 999 765 nuestro
1020 698 1192 779 instituto,
1221 719 1289 783 que
1309 700 1407 775 esde
1426 708 1440 739 ¹
1466 718 1566 785 apar-

339 824 455 880 tarnos
471 815 515 882 de
532 815 612 883 toda
627 811 642 853 ‘¹
658 813 772 900 specie
786 816 829 881 de
841 814 1022 894 ambition,
1041 836 1063 900 y
1079 825 1177 881 tener
1192 836 1255 901 paz
1273 838 1295 901 y
1311 833 1406 881 amor
1426 835 1491 881 con
1513 825 1562 879 to-

338 932 415 1008 dos,
434 952 479 1000 no
492 929 725 997 haziendonos
740 942 753 970 ¹
780 930 971 999 contrarios
987 932 1039 996 los
1054 950 1141 996 vnos
1155 950 1221 1016 por
1235 930 1443 997 inclinarnos
1456 935 1478 996 a
1493 928 1544 995 los
1560 926 1572 968 f

339 1057 443 1112 otros.
459 1048 653 1113 Asimesmo
669 1047 820 1112 ordenad
833 1069 875 1114 en
889 1044 1051 1113 Valentia
1067 1066 1089 1131 y
1101 1046 1214 1113 donde
1227 1045 1346 1130 quiere
1361 1052 1429 1130 qu'e
1450 1054 1566 1111 toman

339 1162 465 1246 grados
481 1162 629 1247 algunos
644 1162 688 1227 de
711 1161 763 1229 ios
778 1172 792 1211 ὅ
807 1166 985 1247 quaestam
1001 1168 1021 1227 a
1037 1158 1051 1201 ¹¹
1069 1170 1208 1227 vuestro
1224 1148 1342 1247 carga,
1352 1168 1433 1245 'que
1453 1182 1497 1227 no
1515 1176 1565 1227 to-

338 1298 417 1344 men
435 1277 572 1362 lagares
592 1276 806 1363 ningunos³,
825 1275 991 1361 pritneros
1006 1275 1042 1341 ni
1060 1276 1207 1357 vltimos,
1225 1275 1301 1343 sino
1329 1298 1396 1361 que
1423 1279 1537 1362 hagan
1558 1268 1566 1309 ¹

337 1412 398 1457 sus
415 1404 513 1457 autos
527 1389 535 1439 ³
549 1411 572 1476 y
587 1412 713 1477 passen
730 1412 792 1477 por
808 1411 868 1457 sus
883 1397 1081 1471 enimcum,
1100 1414 1142 1461 en
1160 1414 1298 1458 manera
1314 1414 1381 1476 que
1401 1412 1438 1459 se
1457 1412 1520 1459 vea
1535 1392 1567 1457 si

337 1508 406 1572 han
423 1507 583 1573 studiado
598 1508 679 1573 bien
690 1513 713 1573 ὁ
724 1490 804 1588 ina13
820 1529 902 1594 pero
914 1509 1024 1576 deren
1036 1508 1251 1595 los-iugareS,
1266 1508 1300 1574 ni
1312 1530 1350 1575 se
1361 1509 1474 1576 hallen
1487 1530 1563 1593 pre·

337 1636 454 1691 sentes
471 1624 609 1709 quando
620 1636 715 1690 utros
727 1644 788 1690 son
801 1626 1019 1692 nombrados:
1035 1626 1181 1711 despues
1195 1600 1324 1710 podran
1337 1624 1433 1691 fuera
1444 1624 1488 1691 de
1499 1628 1564 1688 ntr-

337 1759 431 1805 mero
447 1760 564 1824 passar
580 1741 605 1821 ‘;
624 1760 753 1826 porque
769 1752 844 1806 esto
860 1740 874 1779 ¹¹
895 1746 1078 1809 asimesmo
1101 1762 1182 1826 para
1203 1752 1402 1826 apartarnos
1422 1740 1467 1807 de
1487 1740 1566 1805 toda

338 1854 473 1940 especie
489 1856 532 1921 de
548 1854 717 1940 ambicion
734 1878 757 1940 y
772 1856 816 1924 de
831 1856 1022 1941 inquietud,
1045 1878 1067 1941 y
1088 1854 1095 1895 ¹
1115 1856 1243 1942 paracl
1264 1858 1354 1922 buen
1372 1856 1527 1941 exemplo
1543 1877 1566 1938 y

337 1969 541 2036 edificacion
558 1971 601 2039 de
617 1970 669 2036 los
685 1981 792 2049 otrOS,
818 1972 927 2057 juzgo
948 1990 990 2039 en
1015 1972 1047 2037 el
1063 1972 1173 2040 Senot
1201 1982 1340 2037 nuestro
1357 1968 1565 2037 convenien-

339 2096 373 2151 te
393 2096 426 2151 ¹¹.
443 2087 592 2170 Porque,
607 2106 745 2169 aunque
757 2108 794 2152 se
806 2088 920 2172 hagan
932 2088 984 2152 ios
997 2098 1095 2153 autos
1107 2110 1129 2172 y
1142 2097 1256 2153 tomen
1269 2086 1395 2180 grados
1407 2106 1566 2172 paratque
1581 2176 1586 2185 η

325 2206 412 2282 ‚mas
428 2222 466 2267 se
478 2200 614 2279 animan
627 2203 661 2268 al
676 2200 792 2267 studio
811 2224 834 2287 y
850 2213 979 2287 tengan
997 2208 1069 2268 mas
1086 2200 1285 2269 auctoridad
1301 2223 1382 2289 para
1399 2222 1566 2287 proponet

338 2321 468 2381 dotros
484 2317 517 2383 lo
534 2337 602 2400 que
617 2315 702 2384 Dios
718 2318 763 2383 N.
785 2318 824 2385 S.
841 2316 891 2383 les
913 2329 927 2357 ¹
944 2317 1196 2385 comunicarea
1217 2318 1312 2398 ellos,
1331 2328 1405 2385 esto
1420 2316 1463 2383 de
1479 2328 1492 2355 ⁰
1512 2316 1565 2381 lu-

339 2452 454 2515 gareS,
473 2452 536 2516 por
552 2446 649 2498 tener
664 2439 739 2499 mas
754 2429 907 2518 peligros
923 2454 990 2517 que
1006 2436 1199 2519 pronechos
1211 2446 1238 2514 1¹,
1255 2456 1308 2501 me
1324 2452 1463 2519 paresce
1478 2452 1522 2499 en
1534 2430 1566 2497 el

344 2583 551 2591 au..—

393 2656 407 2698 b
446 2653 737 2711 Deestinnvitelt.»
776 2654 1122 2712 -cDaesrinaVitettn
1160 2658 1209 2700 -d
1228 2655 1303 2712 dela
1321 2654 1420 2712 Vitett.
1459 2654 1567 2708 aelia·

339 2742 444 2798 aiendo
461 2744 560 2798 Vitell.
580 2747 628 2787 --f
638 2745 732 2799 Deest
745 2744 773 2800 in
785 2764 799 2795 n
811 2745 907 2816 Vitett,
924 2763 954 2800 n.
966 2759 1055 2812 249.»
1096 2761 1143 2798 —a
1161 2747 1284 2814 algunos
1297 2745 1391 2800 dellos
1404 2762 1474 2810 ms.,·
1486 2744 1566 2813 algu-

339 2847 393 2886 nos
413 2822 517 2889 Vitell(
550 2835 600 2876 ..h
618 2833 655 2888 de
676 2833 774 2888 Vitell.
814 2835 855 2875 —i
874 2833 904 2888 ni
918 2833 1046 2904 vitimos,
1062 2833 1091 2888 ni
1106 2841 1214 2904 tengan
1234 2833 1334 2889 Vitell.
1372 2833 1414 2884 -i
1433 2831 1566 2904 pdbiicos

337 2922 464 2976 additur
476 2924 510 2976 in
524 2942 538 2973 u
547 2922 665 2977 vitati.»
702 2926 754 2966 -k
774 2923 863 2978 Deest
875 2925 909 2978 in
921 2942 934 2975 u
945 2921 1075 2978 Vitellm:
1089 2939 1199 2996 porque
1213 2931 1287 2978 esto.
1328 2923 1370 2965 ..1
1388 2923 1534 2982 ambizidn
1546 2935 1566 2991 y

312 3000 491 3082 'inquietud
517 3011 616 3066 Vitett.
655 3027 712 3056 ..m
733 3013 879 3068 conuiene
905 3011 1003 3067 Viteli.
1041 3028 1092 3056 ..n
1111 3012 1200 3068 Deest
1223 3013 1256 3066 in
1278 3011 1420 3068 «Viieiln
1457 3025 1507 3053 -ο
1530 3007 1567 3063 de

337 3100 381 3153 los
407 3099 505 3154 Vitell.
545 3117 595 3156 -p
613 3101 727 3173 peligro
739 3119 797 3173 que
810 3103 958 3174 prouecho
979 3101 1078 3156 Viteil.

337 3313 418 3366 cisco
432 3313 582 3380 Ximenio‚
596 3312 779 3370 cardinali...
795 3322 825 3368 et
843 3298 1075 3387 Archiepiscopo
1092 3316 1270 3371 Toletano...
1290 3313 1423 3386 ejusdem
1441 3312 1567 3384 Collegii

341 3411 372 3456 et
386 3401 563 3456 Academiae
576 3402 662 3456 vnico
680 3402 846 3473 fundatore,
868 3405 939 3459 olim
959 3405 1118 3459 sancitae.»
1142 3403 1306 3460 Videantur
1329 3403 1484 3474 praecipue
1498 3420 1527 3457 n.
1542 3401 1565 3455 1:

341 3491 404 3544 «De
416 3490 509 3544 forma
522 3490 651 3561 eligendi
665 3491 821 3548 Rectorem
835 3502 867 3548 et
879 3493 1100 3561 Considamus»,
1112 3511 1141 3548 n.
1155 3493 1276 3546 XXXV:
1293 3493 1356 3547 «De
1366 3492 1512 3548 eiectione
1524 3508 1567 3546 re·

341 3577 475 3649 gentium
488 3587 519 3633 et
531 3579 703 3635 lectorum.»
1014 3631 1016 3637 .

395 3669 406 3700 ³
443 3666 537 3722 Sedes
550 3666 664 3722 scilicet
677 3668 707 3723 in
720 3669 830 3724 scholis
847 3678 936 3742 atque
951 3669 981 3724 in
999 3680 1103 3725 senatu
1117 3669 1296 3738 academiae,
1312 3685 1388 3742 quae
1403 3668 1490 3724 sedes
1507 3667 1569 3724 fere

342 3773 380 3808 ex
394 3755 569 3827 antiquitate
582 3759 760 3828 collegarum
774 3768 825 3813 aut
838 3776 875 3812 ex
893 3759 1048 3814 nobilitate
1064 3759 1208 3830 graduum
1231 3759 1475 3828 academicorum,
1495 3776 1569 3830 quos

342 3844 468 3917 quisque
480 3846 621 3916 habebat,
636 3845 878 3918 designabantur.
893 3847 941 3906 Cf.
960 3849 1089 3918 Manno,
1104 3848 1150 3903 De
1167 3850 1233 3904 ivre
1254 3850 1425 3904 academico
1447 3846 1570 3904 soleam

340 3935 535 4004 quaestiones,
550 3935 602 3993 lib.
617 3934 641 4002 I,
654 3943 769 4007 quaest.
783 3937 936 4006 XV1,§4.
967 3961 969 3966 ·
1163 4003 1167 4012 ι

389 4025 401 4056 ¹
436 4023 470 4078 Id
479 4023 576 4096 ipsum
585 4023 715 4079 afferunt
726 4024 959 4082 Corruitrdiones
970 4025 1138 4091 Societata,
1149 4027 1183 4082 Ρ.
1197 4025 1246 4097 lv,
1258 4043 1321 4098 cap.
1332 4027 1384 4090 VI,
1395 4045 1424 4082 n.
1439 4039 1505 4096 17...
1517 4023 1570 4080 aad

338 4111 448 4181 gradus
459 4121 629 4182 consuetos,
643 4113 694 4184 qui
704 4130 756 4184 per
765 4113 939 4184 diligentem
950 4113 1197 4170 examinationem
1208 4114 1290 4184 digni
1301 4115 1570 4186 invenientnrpro-

341 4201 453 4256 moveri
466 4210 615 4274 poterunt.
629 4203 707 4258 Loca
720 4212 818 4258 tamen
832 4211 923 4270 certa,
940 4211 972 4258 ut
984 4204 1022 4258 ab
1035 4203 1114 4258 omni
1127 4204 1296 4260 ambitionis
1314 4205 1415 4276 specie
1432 4211 1520 4276 atque
1532 4205 1571 4258 ab

339 4289 405 4345 aliis
418 4289 575 4346 affectibus
588 4307 690 4363 parurn
703 4291 875 4363 temperatis
888 4291 1038 4362 recedant,
1054 4291 1188 4364 quamvis
1201 4310 1236 4347 ea
1255 4293 1284 4348 in
1303 4293 1506 4350 Universitate
1520 4293 1571 4347 ubi

338 4379 464 4450 gradum
474 4379 623 4451 accipiunt
634 4380 698 4436 dari
707 4382 834 4450 soleant,
847 4396 905 4435 non
918 4381 1076 4452 accipiant3
1088 4380 1140 4436 sed
1154 4382 1240 4436 simul
1258 4399 1361 4437 omnes
1373 4390 1458 4437 extra
1471 4399 1570 4437 nume-

342 4487 406 4524 rum
419 4487 452 4525 se
461 4471 672 4526 constituant».
685 4471 723 4526 Et
735 4486 837 4526 rursus
846 4486 913 4542 cap.
925 4471 991 4540 XV,
1002 4489 1032 4526 n.
1043 4485 1060 4540 4
1070 4470 1203 4542 ejusdem
1213 4471 1314 4544 partis,
1326 4487 1389 4542 eoa,
1400 4471 1451 4544 qui
1461 4470 1498 4528 ad
1507 4487 1571 4542 gra·

340 4559 397 4613 dus
411 4559 621 4630 provehuntur,
634 4559 771 4615 hortatur.
780 4559 914 4630 [gnatius
927 4568 960 4614 ut
971 4560 1096 4615 «honore
1110 4560 1280 4618 seinvicem
1295 4561 1478 4634 praevenire,
1493 4561 1573 4618 nulla

345 4649 472 4702 iocorum
485 4645 654 4703 differentia
666 4650 833 4718 observata,
847 4657 981 4704 curent».
