3625 5375
562 457 664 516 Enrsr.
686 455 1077 528 427.418Au0081·11548
1324 439 1330 447 ⁴
1352 471 1403 528 195

197 620 238 677 et
254 610 492 678 essortendolo
509 633 528 677 a
557 609 763 697 repigliarla,
781 610 830 676 lui
847 621 1021 680 mostraua
1037 634 1132 705 esser
1147 611 1254 678 dubio
1266 623 1292 692 ²,
1310 613 1436 697 perche

198 725 252 811 gli
266 726 400 810 parenti
411 726 464 792 soi
480 749 551 792 non
566 723 589 792 l'
605 712 837 814 imputassino'
847 749 866 793 a
878 710 1093 797 venitidare
1107 729 1142 794 la
1156 747 1236 794 casa
1249 749 1347 796 suaa
1362 749 1438 814 per·
1464 719 1474 736 '

198 862 289 908 sone
305 843 374 910 che
390 863 456 907 non
480 821 617 918 ha‘uessi
644 845 717 929 ben
740 839 938 912 conociute.
965 843 1035 941 All'
1064 844 1162 923 hora,
1185 841 1440 910 informandolo

201 956 248 1021 N.
269 957 311 1022 P.
344 959 444 1024 Mtro.
464 957 597 1042 Ignatio
612 957 655 1026 de
671 958 704 1025 le
719 978 876 1044 persone,
900 967 935 1024 et
957 957 1205 1044 mostrandogli
1226 945 1356 1043 quanto
1377 959 1439 1025 de·

201 1070 278 1137 bria
294 1073 403 1138 hauer
420 1075 526 1144 charo
552 1074 619 1141 che
636 1073 726 1140 nella
747 1094 810 1140 sua
830 1093 911 1140 casa
933 1072 1015 1139 sossi
1037 1094 1172 1159 sempre
1191 1073 1333 1139 laudato
1353 1072 1444 1152 idio,

196 1186 230 1252 si
247 1187 422 1253 condusse
449 1209 471 1252 a
495 1187 593 1256 volet
620 1189 681 1255 dar
703 1189 736 1254 la
757 1209 848 1268 cesa,
871 1203 907 1254 et
924 1188 983 1276 piit
1005 1191 1070 1256 che
1086 1188 1119 1256 la
1134 1209 1226 1269 casa3
1251 1209 1337 1275 pure
1359 1187 1440 1253 bdi-

198 1303 317 1368 cendo
334 1305 400 1368 che
415 1302 599 1370 venessino
614 1303 670 1370 doi
686 1303 722 1369 di
737 1303 854 1391 quelli,
873 1315 908 1372 et
924 1307 988 1370 che
1004 1305 1174 1372 sarebono
1187 1302 1303 1370 tratati
1314 1302 1350 1369 in
1363 1323 1442 1369 casa

202 1439 269 1484 sua
285 1439 383 1484 corne
400 1417 447 1484 lui
464 1418 679 1500 medessim0;
694 1430 731 1485 et
745 1421 883 1504 quando
899 1423 929 1486 s'
941 1419 1128 1486 hauessino
1140 1417 1334 1486 conuerseti
1347 1421 1441 1504 qual-

200 1537 272 1602 che
290 1545 404 1620 tempo
421 1555 500 1604 ,con
528 1533 756 1604 satisfattione
782 1535 827 1602 de
841 1535 864 1600 l’
883 1557 951 1602 vna
974 1538 1010 1605 et
1026 1536 1049 1600 l’
1073 1535 1158 1604 altra
1186 1545 1294 1620 parte,
1313 1537 1379 1602 che
1393 1536 1442 1600 lui

204 1649 304 1716 daria
320 1650 351 1714 la
372 1671 463 1730 cesa,
482 1665 518 1718 et
544 1649 603 1736 piu
631 1649 756 1732 inenzi;
786 1650 1078 1736 promettendogli
1099 1652 1146 1718 N.
1176 1652 1219 1717 Ρ.
1239 1649 1274 1719 di
1296 1649 1444 1736 leuargli

204 1767 231 1830 l'
256 1765 446 1852 impacciO,
459 1769 525 1832 che
546 1789 592 1831 vn
612 1787 676 1832 suo
703 1788 833 1852 genero
854 1765 966 1853 potria
984 1767 1047 1833 dar
1067 1787 1128 1852 per
1148 1765 1302 1857 inpedire
1322 1776 1444 1849 questa

205 1903 326 1968 opera,
341 1880 364 1946 il
377 1880 457 1964 qual
469 1903 600 1967 genero
611 1881 629 1948 ὲ
642 1903 706 1947 suo
719 1881 850 1968 figliolo
863 1880 897 1948 di
910 1860 1138 1952 confessione.
1156 1881 1225 1951 All'
1243 1885 1329 1948 hora
1340 1882 1384 1950 N.
1402 1883 1442 1947 P.

205 1997 298 2064 tolse
312 1998 356 2064 de
372 1996 420 2064 lui
437 2008 559 2082 questa
575 1998 706 2082 parole,
725 2009 759 2066 et
776 1997 823 2083 gli
840 1997 933 2064 disse
949 1999 1014 2065 che
1026 1996 1181 2066 scriuiria
1194 2019 1213 2064 a
1226 1999 1258 2064 le
1275 1999 1347 2064 RR.
1364 1997 1450 2077 VV,

205 2117 275 2180 che
293 2113 472 2180 volessino
491 2114 653 2181 mandare
679 2114 749 2182 due
776 2135 932 2200 persone,
954 2125 990 2180 et
1013 2117 1079 2180 che
1098 2113 1283 2181 venessino
1298 2135 1400 2199 sopra
1413 2113 1446 2178 la

208 2231 332 2314 parole
348 2251 423 2308 sua,
441 2241 477 2296 et
492 2228 529 2295 in
544 2239 668 2314 questo
684 2239 862 2298 restorono
878 2229 1066 2296 discordo.

280 2347 368 2412 Pare
385 2345 547 2430 adunque
563 2365 583 2410 a
598 2345 642 2412 N.
664 2347 704 2412 P.
723 2347 825 2414 Mtr0.
846 2345 991 2430 Ignatii),
1005 2347 1219 2414 chedeuano
1235 2346 1401 2429 proceder
1413 2347 1446 2412 le

207 2463 283 2529 RR.
301 2461 381 2528 VV.
398 2459 456 2545 piu
472 2460 576 2539 oltra,
591 2472 625 2528 et
641 2460 782 2526 rnandar
798 2459 832 2524 di
848 2461 918 2544 qus
932 2460 1001 2525 due
1022 2481 1167 2545 persone
1187 2469 1258 2526 atte
1280 2483 1300 2526 a
1321 2473 1447 2544 questo

207 2576 375 2664 negocio,
405 2577 448 2642 de
463 2575 520 2642 cui
548 2574 723 2661 spirituale
751 2575 1012 2643 conuersatione
1040 2574 1063 2640 il
1090 2575 1213 2644 vechio
1238 2575 1267 2642 si
1294 2575 1443 2654 edifichi,

205 2714 311 2760 come
327 2714 412 2759 sano
429 2694 465 2758 le
477 2694 550 2759 RR.
571 2693 650 2761 VV.
667 2714 779 2761 essere
800 2692 1041 2772 conueniente,
1060 2703 1095 2759 et
1112 2714 1276 2779 uengano
1297 2714 1398 2777 sopra
1414 2693 1446 2758 la

207 2811 330 2895 parola
345 2810 387 2877 de
405 2810 449 2877 N.
480 2810 520 2875 P.
545 2811 648 2875 Mtr0.
668 2808 814 2895 Ignati0,
833 2819 867 2875 et
882 2806 963 2874 driti
984 2830 1099 2875 acasa
1119 2819 1248 2889 nostra,
1269 2808 1396 2893 perche
1413 2807 1447 2872 di
1544 2785 1546 2791 ’

208 2925 323 3011 quasi
339 2928 466 2991 tratarssa
486 2944 552 2989 con
580 2926 683 2991 Miro.
713 2923 859 2991 Onofrio
876 2925 907 2990 al
936 2924 1038 2988 modo
1064 2922 1179 2991 chesi
1205 2924 1372 2989 mostrarei
1390 2922 1447 3009 piu

208 3041 415 3127 ispediente.
435 3040 478 3105 Et
494 3060 533 3104 so
549 3040 592 3107 de
609 3040 654 3105 N.
675 3042 718 3105 P.
742 3041 799 3105 ch'
817 3040 863 3105 he
879 3040 915 3103 in
931 3039 1045 3105 animo
1061 3039 1114 3103 far
1138 3038 1221 3125 ogni
1239 3060 1303 3104 suo
1319 3040 1446 3116 ssorzO,

205 3166 244 3223 et
262 3154 409 3242 pigliare
421 3164 543 3238 questa
555 3154 720 3240 impressa
732 3175 830 3221 come
843 3154 989 3239 propria,
1005 3156 1132 3239 perche
1145 3175 1211 3220 con
1227 3154 1355 3239 special
1368 3156 1448 3221 cha-
1500 3217 1502 3220 .

207 3273 288 3351 rite,
307 3274 373 3338 che
388 3274 433 3337 ha
449 3290 550 3337 verso
566 3270 598 3337 le
615 3272 687 3336 RR.
707 3270 800 3369 Vll„
814 3269 971 3338 desidera
988 3256 1160 3336 habbiano
1172 3269 1207 3337 in
1221 3280 1342 3353 questa
1359 3283 1448 3335 terra

209 3410 284 3455 vno
306 3388 449 3473 luoghO,
475 3388 565 3453 doue
581 3384 604 3450 il
629 3385 777 3470 Signore
793 3387 899 3453 molto
920 3408 957 3453 se
979 3407 1022 3453 ne
1046 3407 1146 3453 serua
1163 3385 1198 3450 di
1218 3385 1334 3471 quelli.
1355 3388 1397 3451 Et
1415 3386 1449 3450 in

209 3514 339 3589 questa
355 3512 451 3587 parte
467 3522 537 3567 non
553 3522 693 3569 occorre
709 3503 795 3569 altro
812 3502 855 3567 da
871 3501 956 3570 dire.

282 3620 380 3685 Delie
407 3639 500 3685 noue
526 3618 569 3685 de
585 3616 693 3683 nostri
714 3617 750 3683 in
767 3617 824 3703 piu
846 3618 956 3703 loghi,
976 3617 1072 3703 polrei
1091 3620 1135 3685 V.
1166 3620 1207 3683 R.
1231 3639 1326 3683 esser
1341 3616 1449 3682 infor·
1481 3661 1483 3664 ψ

210 3746 310 3801 mato
325 3734 418 3820 degli
437 3732 539 3801 Padri
555 3734 625 3799 don
636 3734 782 3819 Jaconro
795 3735 933 3817 Laynez
949 3745 984 3799 et
999 3734 1068 3799 dori
1091 3734 1237 3800 Alionso
1257 3734 1447 3801 Salrneron.

285 3851 481 3918 Solamente
497 3850 541 3918 de
562 3859 658 3934 parte
678 3849 722 3915 de
746 3849 849 3929 tutti,
863 3860 897 3917 et
918 3848 1162 3934 specialmente
1182 3850 1226 3914 de
1249 3828 1362 3915 Mtro.
1377 3851 1450 3915 An-

271 4072 285 4098 a
304 4054 581 4125 Quaesequuntur,
595 4070 687 4124 usque
704 4056 746 4108 ad
759 4053 856 4125 finem
869 4054 1002 4123 periodi,
1024 4054 1139 4124 scripta
1152 4058 1223 4108 sunl
1244 4053 1279 4107 in
1298 4055 1452 4127 margine,

211 4162 291 4201 nam
302 4146 390 4216 prius
402 4144 517 4213 scripta
530 4146 557 4198 el
570 4142 732 4197 obliterata
739 4142 873 4214 suerunt
885 4144 970 4197 haec:
983 4143 1090 4214 perche
1104 4159 1162 4197 non
1174 4142 1218 4212 gli
1235 4159 1344 4214 perena
1357 4143 1452 4213 ragio·

214 4234 305 4291 neuol
319 4233 371 4287 dar
383 4234 412 4289 le
424 4250 492 4287 cesa
506 4250 558 4287 sua
572 4249 589 4287 a
602 4232 653 4303 qui
666 4232 764 4303 [obliti
781 4236 854 4287 sunt
871 4232 983 4286 ultima
1004 4236 1136 4302 quotuor
1152 4232 1242 4286 verba
1262 4232 1376 4303 delere]
1392 4249 1451 4286 non

213 4323 382 4396 conocessi3
396 4324 451 4377 che
463 4338 480 4375 e
490 4320 549 4377 don
563 4320 719 4392 Gaietano,
735 4320 773 4377 tle
787 4322 863 4383 bona
877 4320 1029 4385 memoria,
1039 4336 1196 4389 conuersus,
1212 4338 1260 4375 ma
1273 4336 1332 4377 non
1342 4320 1386 4391 gli
1399 4322 1451 4394 Pu-

214 4412 326 4468 driche
335 4410 440 4467 adesso
451 4410 477 4465 si
488 4419 611 4465 trouano
622 4409 652 4464 in
661 4417 766 4481 questa
776 4410 1020 4481 congregatione.
1057 4412 1108 4453 -b
1124 4409 1198 4463 Loco
1204 4408 1451 4480 praecedentium

154 4538 162 4553 .
216 4502 389 4567 uerborum,
412 4499 465 4555 dar
482 4501 510 4554 la
526 4514 596 4555 casa
613 4506 644 4553 et
665 4499 716 4570 piu
733 4500 788 4555 che
806 4500 833 4555 le
851 4514 930 4567 casse
944 4515 1027 4570 pure,
1045 4499 1193 4569 scriplum
1204 4497 1274 4571 fuit
1286 4500 1387 4569 prius,
1401 4500 1453 4553 sed

212 4594 319 4663 postea
332 4590 539 4646 obliteratum:
557 4587 641 4655 farlo;
661 4606 708 4643 tna
730 4606 789 4643 non
809 4590 1041 4643 assolutamente
1054 4588 1181 4656 (benche
1200 4586 1221 4641 il
1240 4587 1334 4642 Padre
1352 4596 1454 4642 nostro

217 4682 247 4735 lo
261 4682 444 4751 procursus),
462 4696 508 4733 tna
522 4677 598 4749 dopo
610 4678 665 4733 che
678 4678 796 4733 hauessi
809 4678 964 4733 conociuto
978 4678 1075 4733 alcuni
1088 4676 1119 4731 di
1131 4674 1230 4749 questi
1244 4676 1340 4733 Padri.
