3625 5375
570 474 674 531 Eersr.
693 472 829 531 lin-12
849 464 1066 545 Aprrrns‘1548
1360 476 1394 547 85

188 634 250 689 est
269 624 433 689 obediens
450 629 618 709 usquead
639 642 795 709 mortem,
819 640 964 696 mortem
986 640 1100 695 autem
1123 628 1234 697 crucis
1251 630 1275 709 ³,
1295 630 1429 698 etiamsi
1532 680 1535 686 -

179 758 281 803 curn
297 760 352 819 ee,
377 762 422 806 ne
449 742 609 826 perderes
636 742 880 827 obedientiam,
909 744 1070 831 perderes
1098 743 1213 811 vitam.
1242 745 1336 831 Quid
1353 746 1426 826 tibi,

188 876 321 939 queso,
337 855 521 922 obtabilius
534 876 610 926 esse
621 859 774 941 deberet,
789 881 892 944 quam
909 870 958 942 vt,
978 862 1053 929 Deo
1071 881 1130 945 per
1146 859 1338 927 ministrum
1355 862 1430 931 eius

186 971 402 1051 obediendo,
430 985 576 1041 mortem
602 978 802 1061 oppeteres?
826 978 883 1043 An
912 975 1070 1044 miseram
1095 975 1195 1043 istam
1223 987 1258 1043 et
1285 978 1425 1046 breuem

181 1095 385 1172 ‘Vtcumque
400 1082 658 1174 relinquendam
674 1076 777 1157 vitam
796 1091 881 1157 tanti
893 1089 990 1173 facis,
1005 1103 1042 1157 vt
1056 1102 1195 1179 paratus
1207 1114 1276 1158 non
1289 1092 1336 1159 sis
1348 1114 1427 1159 cunr

189 1200 395 1270 felicissima
410 1226 451 1271 ae
467 1215 585 1273 eterna
612 1218 800 1287 comutare,
830 1228 910 1273 cum
938 1207 1058 1274 audias
1073 1208 1145 1273 X.m
1164 1207 1348 1275 dicentem:
1369 1204 1427 1295 q'ui

189 1330 294 1384 amat
309 1318 456 1386 animam
472 1343 583 1401 suam,
605 1321 718 1409 perdit
738 1344 826 1405 eam;
852 1335 887 1392 et
909 1322 967 1408 qui
988 1322 1073 1404 odit,
1091 1322 1126 1389 in
1147 1322 1252 1390 vitam
1270 1334 1425 1393 eternam

182 1435 348 1501 custodit
375 1438 468 1504 eam?
495 1438 520 1503 ⁴.
550 1436 646 1522 Quin
667 1450 718 1519 tu,
750 1439 853 1505 frater
873 1438 1085 1519 charissime,
1113 1440 1205 1506 bono
1226 1440 1294 1506 isto
1311 1440 1426 1507 animo

186 1550 387 1637 fidentique
409 1552 501 1637 jacta
530 1571 634 1639 super
649 1556 762 1622 Deum
779 1553 970 1640 cogitatum
987 1564 1098 1636 tuum;
1120 1551 1249 1640 proiice
1264 1554 1301 1620 in
1316 1554 1427 1642 ipsum

192 1688 338 1734 ornnem
356 1667 406 1734 tui
428 1668 693 1739 sollicitudinem
709 1671 735 1749 ⁸,
757 1680 805 1749 et,
828 1690 907 1735 cum
930 1670 1040 1736 Paulo
1060 1670 1231 1757 cogitans
1247 1673 1339 1755 quod
1354 1671 1428 1737 siue

186 1780 358 1865 viuimus,
376 1784 450 1850 siue
464 1784 639 1865 morimur,
653 1784 792 1851 Domini
809 1807 929 1853 sumus
944 1786 970 1867 ⁰3
985 1786 1231 1871 confidensque
1244 1788 1336 1872 quod
1352 1787 1427 1859 siue

194 1920 262 1983 per
278 1898 395 1978 vitam,
414 1899 490 1968 siue
505 1898 566 1985 per
581 1911 740 1981 mortem,
759 1902 834 1967 X.¹¹¹
849 1900 884 1966 in
900 1922 1043 1986 corpore
1060 1910 1120 1966 tuo
1135 1901 1382 1987 glorificabitur
1402 1908 1424 1983 ²,

193 2014 305 2080 alacri
320 2014 434 2081 animo
450 2015 553 2084 etiarn
570 2017 614 2082 ad
633 2027 786 2083 extrema
803 2028 836 2084 te
852 2037 1007 2102 prepara.

263 2130 342 2216 Ego
357 2152 440 2199 sane
455 2130 510 2197 his
526 2130 630 2197 armis
651 2129 724 2197 viro
744 2130 859 2216 dignis
880 2128 942 2195 tibi
962 2132 1186 2217 pugnandum
1204 2152 1344 2213 censen,
1362 2154 1426 2201 nec

187 2245 372 2311 immorari
386 2247 421 2312 in
435 2246 549 2312 animo
564 2248 676 2313 habeo
691 2246 726 2313 in
747 2246 969 2333 proponenda
986 2245 1046 2311 tibi
1063 2246 1225 2333 prepositi
1241 2248 1291 2314 tui
1312 2250 1425 2316 chari·

189 2374 265 2429 tate
281 2384 323 2427 ac
339 2360 519 2447 prudentia
534 2360 570 2427 in
585 2360 628 2427 iis
643 2360 818 2447 regendis,
836 2382 923 2447 quos
939 2360 1004 2427 sub
1016 2359 1090 2429 eius
1103 2340 1186 2429 cura
1193 2362 1289 2429 Deus
1301 2364 1425 2431 comis-

188 2477 250 2557 sit,
269 2489 306 2542 et
322 2498 384 2562 pro
405 2476 537 2542 viribus
552 2488 589 2545 et
603 2476 771 2561 cuiusque
787 2476 916 2542 talento
933 2496 973 2545 ac
990 2474 1093 2542 animi
1111 2477 1339 2562 propensione
1354 2480 1425 2547 dis·

188 2592 388 2673 tribuendis
401 2591 438 2658 in
454 2592 557 2658 variis
573 2590 722 2657 instituti
738 2592 846 2659 nostri
863 2591 1110 2670 functionibus,
1126 2592 1311 2659 dummodo
1327 2614 1424 2662 suam

189 2710 256 2795 ipsi
269 2710 484 2774 voluntatem
501 2707 719 2793 abnegarint:
738 2709 899 2793 quodque
917 2729 1016 2793 spero
1034 2719 1069 2776 te
1085 2707 1206 2776 melius
1223 2709 1325 2776 etiam
1346 2733 1420 2777 cor-

189 2846 275 2910 pore
291 2823 502 2905 habiturum,
531 2821 646 2889 omnia
668 2821 770 2889 isthic
785 2832 824 2888 vt
839 2823 964 2889 debilia
984 2833 1019 2889 et
1042 2821 1176 2888 infirma
1196 2823 1300 2891 missa
1320 2825 1419 2894 facio.

188 2941 267 3006 Deo
279 2939 372 3008 enim
389 2938 456 3025 (cui
474 2937 659 3024 credidisti)
676 2938 861 3017 confidere,
880 2949 916 3006 et
932 2939 975 3004 ad
990 2937 1193 3024 grauissima
1210 2961 1347 3026 queque
1364 2965 1421 3030 pa·

188 3069 302 3121 ratum
320 3075 397 3122 esse
413 3065 447 3121 te
463 3053 580 3122 velim.

257 3172 314 3238 Ad
331 3169 396 3236 iter
411 3192 495 3256 ergo
511 3180 545 3236 te
561 3168 725 3256 accinges
752 3191 794 3237 eo
822 3181 989 3253 tempore,
1020 3170 1112 3254 quod
1140 3169 1214 3236 aliis
1241 3167 1363 3236 litteris
1377 3171 1420 3237 de

188 3298 305 3355 mente
322 3285 434 3353 Patris
450 3285 485 3350 in
501 3287 565 3353 Χ.ο
586 3285 710 3372 Ignatii
725 3283 864 3351 domino
887 3285 994 3350 Paulo
1012 3284 1165 3352 Antonio
1189 3283 1254 3352 fuit
1275 3285 1420 3372 prescri-

189 3417 286 3488 ptum
313 3403 340 3467 ⁸.
367 3401 472 3486 Quod
499 3401 528 3468 si
556 3399 701 3488 negocia
730 3412 789 3467 tua
817 3400 976 3466 confecta
1003 3401 1155 3466 nondum
1186 3401 1326 3480 fuerint,
1356 3421 1425 3475 nec¹

185 3528 298 3585 estate
321 3518 388 3583 hac
408 3515 533 3582 confici
554 3516 693 3582 omnino
713 3525 888 3602 poterunt,
914 3513 1134 3580 nihilominus
1155 3513 1219 3582 iter
1242 3513 1366 3601 arripe,
1385 3529 1419 3585 et

186 3633 335 3717 aliquem
354 3643 390 3697 vt
401 3631 557 3698 absoluat
574 3631 757 3710 substitue,
773 3642 810 3695 vt
825 3630 853 3696 si
867 3629 928 3695 tibi
942 3629 1155 3696 moriendum
1169 3641 1260 3697 esset
1273 3633 1416 3716 (mundo

186 3748 278 3813 enim
295 3760 331 3814 et
346 3747 440 3813 carni
457 3746 671 3813 moriendum
686 3757 740 3812 est
760 3748 922 3831 prorsus).
941 3743 998 3813 Sic
1015 3745 1143 3832 cogita,
1162 3757 1197 3814 et
1213 3745 1325 3814 leuius
1342 3767 1418 3816 esse

184 3864 326 3948 aliquod
343 3883 455 3928 rerum
469 3873 617 3943 tuarum,
632 3883 734 3946 quarn
748 3861 797 3926 tui
810 3860 1053 3928 detrimentum
1067 3860 1236 3944 existima;
1252 3883 1291 3928 ac
1305 3861 1416 3948 proin·

182 3981 241 4059 de,
259 3979 289 4046 si
305 3977 442 4044 vincula
458 3978 558 4044 isthic
570 3977 742 4046 disoluere
757 3977 892 4064 nequis,
912 3979 1090 4063 abrumpe.

240 4247 251 4280 ³
289 4245 539 4316 Appulur.,ll,
553 4247 582 4300 8.
967 4247 978 4279 ⁴
1016 4247 1268 4317 Jonn.,Xll‚25.

240 4338 251 4366 ³
288 4333 336 4393 Cf,
350 4335 402 4389 Ps.
417 4334 495 4401 LlV,
509 4332 554 4396 23;
570 4335 710 4399 blarru,
725 4331 778 4401 VI,
793 4345 837 4400 253
852 4333 865 4386 l
879 4333 988 4404 Perre,
1005 4333 1043 4403 V,
1057 4345 1084 4402 7.

239 4425 252 4456 ⁶
289 4425 339 4478 An
353 4423 447 4486 Ros..
463 4423 543 4490 xlv,
557 4421 584 4476 8.
668 4464 670 4471 ,
966 4425 975 4456 ⁷
1015 4421 1310 4495 AoPrrnrr.‚1,2o.

239 4517 251 4545 '¹
288 4511 363 4568 Vide
377 4511 531 4585 epistolam
545 4512 737 4583 superiorem.
752 4511 796 4567 Ex
810 4529 845 4566 ea
862 4519 962 4565 autem
976 4520 1105 4583 tempus,
1124 4531 1183 4584 quo
1200 4513 1272 4568 haec
1291 4513 1416 4585 epistola

182 4602 221 4657 ad
235 4603 389 4674 Talpinum
403 4600 493 4656 missa
505 4608 562 4670 est,
579 4599 700 4670 scimus,
720 4599 849 4670 tametsi
859 4600 889 4654 in
904 4601 1039 4672 Regestis
1052 4600 1219 4656 inveniatur
1236 4601 1323 4673 hujus
1337 4620 1415 4658 sum·

185 4693 308 4747 marium
321 4693 397 4747 inter
410 4698 527 4745 caetera
539 4689 637 4745 dataa
652 4701 682 4744 21
699 4688 809 4760 Aprilis
822 4688 859 4743 ad
872 4689 906 4742 28
922 4689 1055 4759 ejusdem
1070 4690 1190 4744 mensis
