3625 5375
397 416 502 472 Errsr.
519 413 771 474 33r-rxaunru
791 413 900 472 Araiai
920 426 987 472 aur
1004 425 1146 470 rusum
1164 413 1252 480 MaJo
1272 413 1341 482 1548
1402 425 1453 481 105

248 568 442 636 cultatibus
458 567 621 648 metiaris,
635 589 727 653 quas
741 567 773 636 si
792 576 977 654 suppetere
997 565 1059 633 tibi
1080 565 1175 637 visae
1195 565 1336 646 tuennt,
1358 563 1488 632 licitum

195 729 198 734 -
251 684 317 752 tibi
345 684 408 753 erit
436 705 516 752 cum
544 683 684 770 reliquis
710 685 875 752 fratribus
902 681 965 750 iter
993 681 1181 769 suscipere,
1209 692 1245 748 et
1271 681 1490 766 gratissimus

249 801 407 867 omnium
423 813 576 868 vestrum
593 801 764 868 aduentus
780 797 921 866 domino
937 808 1057 866 nostro
1075 797 1271 884 praeposito
1290 809 1327 866 et
1348 795 1489 882 reliquis

248 917 414 983 omnibus
430 917 507 986 erit.

321 1033 502 1099 Hactenus
516 1054 559 1099 ex
575 1031 816 1099 commissione
832 1031 946 1098 Patris
960 1029 1098 1118 Ignatii.

324 1146 455 1215 Audiui
472 1169 492 1214 a
507 1146 716 1215 charissimis
732 1146 906 1227 fratribus,
925 1147 984 1232 qui
999 1146 1103 1212 modo
1117 1167 1187 1212 non
1207 1145 1282 1212 sine
1304 1165 1431 1231 magno
1448 1155 1489 1211 et

249 1263 406 1350 ipsorum
426 1249 464 1330 et'
478 1275 596 1330 nostro
612 1262 764 1350 [gaudio]
782 1261 960 1330 aColonia
972 1263 1115 1328 Romam
1127 1259 1202 1326 sani
1214 1271 1448 1346 peruenerunt
1460 1259 1486 1339 ⁸,

249 1401 414 1466 magnam
431 1399 525 1465 spem
545 1377 665 1448 messis
681 1377 845 1445 iuuenum
862 1378 956 1466 apud
971 1399 1034 1444 vos
1050 1399 1138 1456 esse,
1157 1375 1215 1461 qui
1229 1374 1310 1442 boni
1321 1375 1475 1463 proposit

249 1495 426 1562 seruiendi
443 1497 519 1562 Deo
536 1493 669 1560 suntin
686 1496 752 1560 hac
773 1503 890 1561 nostra
910 1493 1096 1574 Societate;
1120 1503 1357 1579 verumtamen
1378 1502 1486 1558 retar-

252 1611 327 1678 dari
358 1609 529 1690 videntur,
560 1621 632 1676 turn
654 1610 828 1692 timentes,
853 1631 896 1676 ne
917 1610 961 1675 ad
981 1607 1189 1695 perficienda
1211 1606 1325 1675 studia
1352 1605 1488 1692 incepta

251 1725 447 1807 mittantur,
467 1738 539 1792 tum
557 1747 601 1793 ne
617 1748 637 1792 a
653 1725 767 1792 studio
784 1727 950 1791 bonarum
972 1724 1148 1792 literarum
1170 1735 1231 1790 aut
1250 1721 1392 1810 potioris
1411 1720 1488 1789 lite-

251 1853 381 1919 rature,
401 1852 437 1906 vt
455 1841 564 1919 aiunt,
583 1841 823 1907 cohibeantur.
844 1840 910 1907 His
925 1861 1010 1908 sane
1023 1839 1221 1924 intellectis,
1238 1838 1322 1905 mihi
1339 1838 1420 1925 (non
1436 1835 1488 1902 in·

252 1959 412 2025 consulte
429 1957 583 2044 forsitan)
601 1957 712 2023 visum
733 1967 787 2024 est
806 1956 905 2022 vohis
925 1956 1113 2035 declarare,
1136 1955 1307 2040 quomodo
1327 1975 1370 2020 ex
1390 1952 1486 2020 insti·

252 2083 330 2138 tuto
351 2068 533 2141 Societatis
557 2082 591 2142 et
612 2071 716 2154 docti,
740 2084 774 2138 et
788 2067 852 2158 'qui
873 2071 944 2158 apti
964 2082 1080 2139 essent
1098 2071 1141 2136 ad
1161 2069 1352 2136 doctrinam
1376 2067 1486 2135 susci-

252 2188 427 2274 piendam,
454 2209 556 2272 quam
578 2185 803 2258 libentissime
824 2187 1050 2274 recipiuntur,
1073 2208 1152 2253 cum
1173 2185 1328 2272 plurimis
1348 2183 1382 2250 in
1403 2183 1488 2250 locis

252 2305 420 2372 Societati
435 2305 561 2370 domus
572 2316 612 2371 et
628 2304 808 2392 gymnasia
824 2303 1028 2370 offerantur.
1051 2304 1171 2387 ltaque
1192 2302 1322 2368 nullum
1344 2299 1487 2366 dubium

250 2419 337 2485 mihi
354 2431 419 2501 est,
432 2419 526 2504 ,quin
547 2420 590 2486 ad
611 2418 725 2486 studia
741 2419 965 2499 absoluenda,
983 2417 1234 2503 quamprimum
1252 2415 1412 2503 possibile
1428 2414 1485 2496 sit,

251 2534 450 2602 huiusmodi
467 2533 625 2602 mittendi
646 2546 740 2613 sunt,
763 2547 798 2602 et
818 2535 994 2600 literature
1014 2532 1156 2619 potioris
1176 2532 1327 2599 studium
1348 2530 1487 2598 minime

253 2649 442 2717 inhibetur.
466 2651 548 2734 Sed,
572 2661 608 2715 vt
629 2670 707 2717 cum
729 2671 856 2737 magna
871 2646 1049 2736 diligentia
1070 2647 1119 2714 illi
1139 2648 1352 2728 incumbant,
1371 2645 1485 2727 iniun-

249 2766 348 2852 gitur
364 2766 433 2851 (vbi
449 2766 545 2851 prius
561 2766 740 2834 nobiscum
757 2788 818 2853 pro
834 2765 1008 2833 communi
1024 2764 1170 2833 vtilitate
1185 2764 1221 2830 in
1237 2763 1353 2831 offitiis
1372 2762 1486 2829 humi-

249 2880 357 2949 litatis
374 2884 417 2949 ad
434 2881 487 2947 sui
504 2881 612 2967 ipsius
623 2882 887 2969 abnegationem
902 2880 1080 2948 exercitati
1094 2879 1243 2964 suerint).
1259 2880 1348 2965 Eg0,
1364 2891 1400 2945 vt
1413 2877 1485 2965 opi-

249 3018 335 3079 nor,
364 3020 384 3063 a
412 2996 529 3084 primis
557 2996 871 3083 grammaticalibus
896 2996 1020 3063 studiis
1043 2998 1087 3065 de
1110 3018 1205 3063 nouo
1228 2994 1401 3081 incipiam,
1427 2994 1485 3060 vbi

248 3113 390 3183 domino
406 3112 601 3199 praeposito
617 3113 729 3179 visum
746 3112 861 3180 luerit.
882 3111 990 3199 Agite
1001 3111 1108 3197 igitur
1120 3110 1261 3177 viriliter
1274 3110 1308 3175 in
1321 3107 1483 3191 Domino;

248 3241 393 3315 apparet
408 3230 453 3294 ad
468 3250 614 3298 messem
632 3228 910 3297 fecundissimam
928 3237 1113 3313 apparatus
1130 3226 1281 3311 vndique
1301 3224 1483 3304 maximus,

250 3356 289 3410 vt
305 3336 465 3414 videbitis
480 3368 523 3412 ex
539 3344 693 3429 exceptis
709 3344 934 3431 quarumdam
951 3343 1139 3425 literarum,
1158 3364 1245 3427 quas
1259 3343 1303 3411 ad
1315 3364 1378 3408 vos
1391 3361 1485 3409 nunc

250 3459 435 3529 mittimus.
454 3462 588 3546 Rogate
604 3460 790 3527 Dominum
806 3458 939 3539 messis,
963 3470 1000 3524 vt
1021 3457 1236 3527 fidelissimos
1256 3456 1429 3544 operarios
1449 3456 1483 3523 in

249 3598 399 3645 messem
416 3576 529 3644 mittat
546 3578 570 3642 ³.

316 3692 464 3780 Juuenis
480 3691 633 3776 quidam,
651 3689 706 3757 cui
724 3712 849 3759 nomen
871 3689 1058 3771 AntoniuS,
1082 3688 1238 3775 quicum
1260 3687 1397 3755 domino
1419 3690 1486 3755 Pe-

251 3818 305 3873 tro
322 3806 465 3874 Kanisio
482 3807 647 3875 Leodium
665 3806 960 3892 proficiscebatur,
982 3827 1060 3871 cum
1084 3828 1104 3873 a
1125 3804 1278 3890 capitulo
1299 3802 1485 3869 coloniensi

250 3922 457 4003 mitteretur,
477 3924 520 3989 acl
536 3944 600 3989 nos
616 3923 711 3991 venit
728 3921 883 4007 quinque
898 3934 960 3987 aut
976 3943 1038 3989 sex
1053 3920 1177 3988 diebus
1195 3920 1241 4007 (ni
1259 3921 1369 4003 sallor)
1391 3931 1486 3985 ante-

250 4058 354 4121 quam
375 4051 444 4107 tres
461 4040 584 4107 fratres
598 4037 718 4123 reliqui
736 4036 904 4117 venirent,
923 4036 982 4121 qui
999 4035 1150 4123 benigne
1167 4038 1352 4121 susceptus
1368 4047 1433 4116 est,
1451 4044 1486 4100 et

251 4186 451 4215 -----4-

303 4284 314 4315 ²
353 4282 459 4335 Petrus
474 4279 662 4335 Schorichius
675 4289 706 4335 et
721 4279 854 4336 Andreas
868 4278 1008 4333 Sidereus
1022 4277 1185 4333 secundum
1198 4278 1344 4346 Hausuu,
1361 4279 1417 4334 loc.
1432 4276 1483 4334 eit.

250 4368 315 4425 lllis
324 4380 426 4425 autem
437 4378 468 4427 et
478 4369 609 4425 Henrico
621 4369 770 4436 Baccelio,
782 4367 904 4423 novitiis
915 4367 1085 4436 Societatis,
1099 4367 1210 4422 Romae
1222 4365 1484 4432 commorantibus,

249 4461 401 4515 rcribebat
418 4458 558 4515 Carisius
576 4472 610 4527 27
629 4458 697 4529 Maji
719 4457 797 4528 1548.
817 4458 1087 4527 serumserum,
1106 4457 1197 4512 Beati
1216 4457 1304 4511 Petri
1328 4440 1494 4511 canisii...'

251 4546 409 4617 Epistulae
421 4553 450 4603 et
462 4552 541 4612 octo,
557 4548 582 4617 1,
596 4558 658 4617 277.
674 4545 758 4617 Vide,
780 4548 866 4617 paulo
885 4544 971 4612 intra,
986 4546 1141 4618 epistolam
1159 4544 1196 4599 ad
1214 4545 1351 4600 Natalem
1368 4558 1384 4613 5
1403 4544 1483 4615 Maji.

304 4638 316 4670 ³
353 4635 623 4708 uarro.,1x‚38.
