3625 5375
540 426 645 487 Ensr.
665 438 919 497 sm-rxcourr
935 426 1105 488 Dacorum
1125 424 1194 495 1548
1377 406 1443 496 ⁴287

252 578 436 650 ministeria
452 602 473 649 a
488 579 615 651 nostris
629 578 862 667 compluribus
878 590 984 656 noctu
1000 578 1129 665 diuque
1148 588 1231 648 sunt
1249 577 1417 660 exhibita,
1444 590 1481 649 et

250 694 410 765 boccum
426 695 643 791 edificatione
658 706 693 765 nt
713 695 1087 783 fructoplurimorum.
1110 694 1254 772 Plurimi
1276 694 1321 763 ad
1341 696 1478 765 confes·

251 812 380 880 sionem
402 813 683 883 sacramentalem
704 822 740 881 et
759 832 892 887 sacram
913 810 1187 881 communionem
1214 810 1355 879 adducti
1381 821 1476 891 sunt,

253 948 397 1015 quorum
417 927 559 1013 aliquia
579 927 735 1015 pluribus
756 927 857 997 annis
885 948 949 995 nec
976 925 1125 995 confessi
1147 947 1214 995 nec
1233 925 1479 995 communicati

252 1044 399 1125 fuerant;
418 1054 453 1115 et
469 1042 571 1116 vnius
585 1043 687 1113 saluti
704 1066 765 1133 per
781 1042 847 1113 Dei
863 1042 1009 1131 gratiam
1026 1053 1079 1111 est
1094 1043 1304 1123 consultum,
1322 1042 1382 1127 qui
1398 1041 1480 1109 totis

252 1156 390 1245 triginta
400 1158 502 1227 annis
512 1178 582 1231 non
595 1160 911 1231 communicauerat
921 1179 1034 1245 neque
1045 1158 1082 1226 in
1093 1158 1210 1227 animo
1221 1159 1479 1227 habebatcom-

250 1274 437 1355 municara
455 1286 490 1344 et
506 1274 608 1345 etiam
625 1274 799 1353 nonnullis
815 1275 901 1355 aliis,
920 1275 993 1361 qui,
1010 1274 1090 1351 licet
1109 1273 1270 1354 confessi,
1288 1274 1377 1341 male
1392 1292 1478 1341 con·

251 1387 334 1459 lessi,
344 1401 456 1473 erant3
473 1389 565 1471 inter
579 1410 667 1476 quos
682 1391 756 1479 qui,
773 1390 838 1459 sibi
854 1390 1067 1478 persuadens
1078 1389 1315 1460 sineremedio
1326 1407 1477 1458 sucesse

249 1513 400 1591 peccata,
417 1504 599 1593 desperato
614 1505 728 1578 anino
743 1508 787 1575 ad
802 1505 1053 1580 consessionem
1068 1528 1108 1576 sc
1122 1506 1261 1595 nolebat
1279 1504 1474 1592 disponere3

250 1622 386 1692 demum
402 1624 498 1693 hunc
512 1633 547 1693 et
562 1623 727 1711 plurimos
743 1622 842 1703 alios,
857 1620 977 1695 diuina
996 1615 1242 1703 misericordia,
1264 1642 1325 1709 per
1345 1621 1477 1707 aliqiros

249 1737 293 1813 de
312 1738 414 1810 domo
433 1723 550 1809 nostra
569 1740 672 1813 adse
697 1760 759 1827 per
785 1750 1078 1813 sacramentorum
1105 1759 1204 1805 vsum
1232 1738 1398 1807 reducere
1423 1736 1477 1803 di-

250 1864 355 1939 gnata
368 1864 432 1926 est.
469 1906 472 1915 .

316 1969 545 2041 morientibus
559 1969 731 2058 opitulari,
749 1980 785 2043 et
799 1970 940 2063 quidem
954 1992 1085 2057 magno
1100 1991 1180 2040 cum
1199 1972 1330 2051 fructu,
1353 1967 1479 2038 accidit

253 2082 448 2170 aliquando:
466 2086 514 2153 Vt
528 2086 573 2157 de
588 2086 762 2157 nonnullis
777 2108 887 2174 pauca
903 2086 1060 2157 referam:
1077 2084 1114 2155 in
1129 2084 1256 2174 palatio
1266 2084 1414 2171 quodam
1426 2083 1479 2153 vir

249 2201 390 2288 quidam
404 2204 524 2271 morbo
539 2202 693 2291 corporis
709 2203 826 2291 moui,
848 2202 909 2277 sed
925 2201 1035 2273 animi
1058 2202 1222 2289 grauiori‚
1246 2203 1337 2270 male
1358 2202 1478 2271 admo·

249 2317 330 2387 dum
347 2318 392 2387 ad
408 2318 621 2393 moriendum
637 2318 921 2407 erat-dispositus,
932 2329 970 2389 et
981 2318 1065 2387 diris
1076 2316 1298 2405 blasphemiis
1312 2336 1355 2385 ex
1368 2316 1478 2405 impa-

250 2433 369 2501 tientia
383 2445 525 2523 peccata
540 2457 604 2503 sua
619 2434 669 2503 sic
685 2456 830 2523 augens,
848 2448 886 2503 vt
902 2438 1101 2523 prophanus
1114 2434 1191 2504 eius
1206 2433 1341 2503 animus
1352 2454 1480 2521 magna

250 2550 400 2621 afficeret
416 2550 554 2621 tristitia
568 2572 642 2633 eon,
659 2550 718 2637 qui
728 2551 848 2628 ‚minus
862 2549 1016 2639 corporis
1031 2572 1134 2636 quam
1150 2550 1266 2620 anime
1280 2560 1426 2618 mortem
1442 2549 1477 2615 in
1518 2603 1522 2615 ι

250 2688 295 2738 eo
309 2666 485 2738 timebant.
504 2666 598 2738 Huic
617 2689 704 2755 ergo
723 2666 886 2738 subuenit
907 2666 1025 2737 diuina
1046 2666 1157 2756 pietas
1174 2689 1280 2754 opera
1300 2664 1478 2734 cuiusdam

250 2783 436 2854 sacerdotis
459 2807 503 2852 ex
521 2784 627 2854 domo
645 2793 775 2866 nostra,
799 2783 899 2854 cuius
921 2783 1061 2865 auxilio,
1087 2782 1157 2852 imo
1178 2784 1246 2853 Dei
1268 2782 1476 2870 peripsum,

252 2914 442 2971 conuersus
455 2909 520 2984 ατς
539 2911 587 2982 et,
605 2893 653 2968 'ad
672 2899 859 2970 christiane
878 2899 1095 2971 moriendum
1117 2899 1257 2968 tandem
1277 2896 1478 2986 dispositus,

249 3013 377 3102 optima
391 3035 471 3084 cum
487 3037 549 3102 spe
564 3015 797 3086 assistentium
813 3015 908 3086 obiit.
928 3013 1052 3085 Adfuit
1067 3013 1125 3082 hic
1140 3014 1213 3101 ipse
1233 3014 1393 3084 sacerdos
1415 3035 1480 3081 no·

252 3129 314 3200 bili·
326 3130 461 3202 cuidam
476 3130 658 3214 foeminae,
675 3153 765 3216 quae
780 3129 855 3202 sinc
870 3131 1087 3200 confessione
1102 3131 1139 3200 in
1153 3153 1235 3201 eum
1251 3141 1395 3198 venerat
1407 3139 1479 3198 sta-

254 3257 326 3314 tum
340 3247 664 3334 asperrimorum,
686 3257 735 3328 ut,
759 3247 900 3316 omnino
919 3246 1122 3332 loquutione
1145 3245 1282 3328 amissa,
1309 3245 1375 3314 iam
1398 3265 1479 3332 sen-

254 3381 329 3430 sum
344 3384 383 3432 ss
399 3361 552 3433 amisisse
568 3363 778 3446 ostenderat3
795 3362 852 3432 cui
868 3363 1034 3432 adderent
1050 3361 1100 3430 illi
1114 3362 1226 3442 multi,
1240 3361 1299 3446 qui
1313 3360 1478 3450 supersti-

252 3476 347 3548 tiosis
361 3477 566 3568 quibusdam
583 3478 738 3548 demonis
757 3477 974 3559 commentis,
996 3489 1034 3548 et
1057 3475 1198 3563 quidem
1214 3476 1330 3556 variis,
1352 3477 1396 3544 ad
1416 3498 1477 3564 pa·

251 3591 410 3664 tiendum·
422 3595 549 3664 frustra
565 3592 764 3664 nitebantur
780 3593 948 3664 auxiliari.
964 3595 1059 3663 Cum
1070 3615 1158 3680 ergo
1176 3603 1342 3662 euocatus
1361 3611 1478 3660 sacer-

250 3707 312 3776 dcs
327 3707 497 3796 stupidum
514 3719 549 3780 et
565 3709 754 3780 sinerensu
767 3708 950 3791 inueniret,
965 3731 1070 3778 manu
1086 3707 1162 3778 eius
1176 3710 1401 3794 apprehensa,
1419 3728 1477 3776 ce·

251 3823 301 3910 pit
316 3835 387 3894 tam
401 3825 513 3894 valide
527 3835 563 3893 et
578 3835 675 3895 tanto
691 3827 914 3896 cum-atfeetu
929 3825 1090 3905 clamare,
1107 3834 1145 3892 ut
1157 3842 1236 3892 cum
1248 3822 1367 3892 diuino
1378 3821 1477 3890 auxi-

254 3937 298 4008 lio
312 3940 356 4008 ad
371 3951 526 4010 mentem
546 3939 672 4024 redire,
693 3951 728 4008 et
746 3939 850 4028 signa
869 3941 998 4010 doloris
1019 3951 1240 4026 pcccatorum
1260 3947 1297 4008 et
1319 3937 1478 4009 desiderii

251 4055 472 4122 absolutionis
495 4057 677 4128 ostendere
700 4055 903 4144 compulerit
924 4056 1028 4143 (quod
1048 4054 1211 4141 conequi
1231 4055 1386 4136 aderant,
1416 4075 1478 4140 pro

251 4169 426 4251 miraculo,
443 4181 480 4237 vt
496 4171 526 4238 si
541 4169 577 4240 in
591 4171 698 4240 vitam
714 4187 925 4254 reuocasset,
947 4171 1144 4257 ducebantlz
1167 4171 1318 4250 demum,
1343 4168 1476 4239 benefi-

251 4284 303 4354 cio
329 4285 554 4354 absolutionis
581 4298 735 4375 accepto,
765 4287 903 4358 certiori
923 4308 985 4375 spe
1005 4297 1124 4356 eterne
1142 4286 1234 4353 vitae
1255 4285 1476 4372 tempora-lem

249 4399 371 4469 amisit:
438 4411 439 4414 ’

314 4503 415 4586 Alius
436 4519 553 4603 etiam,
579 4519 650 4606 qui,
675 4517 876 4588 vulneratus
897 4508 1042 4607 corpore
1062 4529 1097 4586 et
1120 4517 1232 4606 magis
1255 4517 1382 4599 animo,
1411 4535 1476 4586 nec

248 4632 401 4701 confiteri
418 4653 483 4702 nec
498 4633 636 4702 inimico
652 4657 716 4702 suo
731 4635 914 4722 ignoscere
930 4636 1079 4716 volebat,
1096 4633 1282 4720 aquodam
1298 4633 1477 4702 sacerdote
