3625 5375
379 390 433 447 228
699 402 702 409 ·
746 360 1166 449 monitumnonitum

344 545 387 613 de
402 522 687 625 iareformatibm
701 565 769 631 que
785 522 859 613 e'stb
871 543 1047 631 espedido,
1064 520 1089 630 γ’
1103 540 1136 610 la
1151 541 1278 613 bullae
1293 542 1417 614 scriuir
1430 543 1579 629 paratos

262 679 268 690 ·
342 660 544 741 huerfanos,
562 680 600 730 se
615 660 701 741 dira,
718 683 763 728 en
779 682 847 728 vna
862 659 991 758 hijuoia
1006 660 1051 728 de
1062 670 1194 755 aparte,
1208 655 1309 726 como
1320 680 1435 727 nunca
1447 680 1485 729 se
1497 646 1573 745 pro·

342 775 445 845 metib
460 774 673 863 predicad0r‚
690 786 774 858 etc.;
786 786 875 863 'para
891 776 954 842 dar
968 780 988 842 a
1001 795 1152 854 *conocer
1165 796 1235 869 que
1250 776 1350 843 seles
1366 777 1436 847 hau
1451 774 1576 841 dadot

342 892 435 959 buen
449 894 570 960 barato
587 904 655 959 etc.
675 892 725 959 las
737 871 917 991 personas,
939 914 963 977 y
984 890 1035 959 las
1056 875 1296 959 necessidades
1311 892 1354 957 de
1368 887 1410 962 ,la
1425 877 1576 976 Compass

345 1012 414 1089 nia,
433 1018 499 1074 etc.
633 1058 636 1075 ,
803 1006 807 1013 '
1108 993 1142 1006 '⁵

407 1126 440 1191 A
460 1124 672 1209 Dominech‚
690 1123 733 1191 de
749 1122 782 1189 la
797 1120 962 1191 deteuida
976 1104 1020 1189 de
1041 1122 1181 1208 Laynez
1199 1123 1300 1190 hasta
1319 1122 1354 1188 la
1373 1121 1575 1189 conclusion

340 1240 397 1309 del
413 1239 562 1327 negocio
577 1240 622 1307 de
639 1238 770 1307 Padus.

407 1463 440 1531 A
456 1461 579 1542 Nadab,
598 1480 666 1546 que
681 1459 800 1528 inbien
816 1460 850 1527 la
865 1459 968 1547 copia
987 1460 1032 1528 de
1052 1460 1086 1526 la
1105 1482 1176 1545 que
1194 1459 1323 1528 scriuib
1346 1463 1447 1529 Mtro.
1467 1460 1575 1545 igna-

342 1577 402 1659 tio,
420 1577 535 1646 donde
550 1577 641 1644 deba
658 1574 844 1644 comissibn
861 1576 905 1645 de
919 1597 1002 1643 vsar
1016 1576 1060 1644 de
1074 1576 1111 1642 ia
1125 1576 1235 1643 firma.

913 1722 993 1801 459

632 1844 779 1913 PATRI·
793 1844 1080 1911 HIERONYMO
1102 1844 1303 1930 NATALI‘

731 1968 819 2015 roua
833 1959 850 2013 8
862 1967 1062 2016 serrnusars
1074 1957 1143 2028 1548
1157 1958 1178 2013 ¹.

340 2067 541 2137 Reprehensio
554 2066 589 2120 ob
601 2063 708 2122 inseite
721 2072 901 2138 usurpatam
914 2066 1035 2140 ignatii
1048 2062 1312 2138 subscriptionem
1320 2064 1573 2135 subscriptionem

392 2156 525 2211 alteram
538 2154 682 2226 ejusdem,
698 2172 776 2227 quoe
785 2160 879 2227 penes
891 2154 984 2211 iilum
995 2159 1051 2220 est,
1063 2156 1105 2213 oct
1116 2172 1150 2211 se
1163 2153 1248 2210 mitti
1262 2150 1403 2228 ignotius
1412 2154 1513 2226 jabet.
1583 2222 1592 2234 .

406 2272 528 2341 Delos
544 2282 702 2339 vuestros
722 2272 786 2339 dos
806 2272 1022 2358 escrupulos,
1044 2292 1091 2357 yo
1115 2270 1268 2357 quisiera
1287 2292 1356 2357 que
1376 2271 1575 2339 tuvitrades

340 2387 449 2455 maior
469 2408 513 2455 en
533 2376 614 2457 usar
633 2387 678 2456 de
695 2386 744 2453 mi
763 2387 930 2456 firmaen
950 2387 984 2454 lo
1005 2408 1073 2473 que
1094 2388 1322 2475 nopudiades
1337 2399 1352 2427 ⁸
1371 2408 1458 2453 vsar.
1472 2388 1573 2455 Para

340 2504 497 2572 adelante
514 2524 569 2570 me
585 2510 661 2571 seri
675 2504 708 2570 el
729 2506 863 2589 echoy
883 2505 1054 2590 exemplo,
1072 2509 1172 2570 como
1190 2525 1236 2589 yo
1251 2526 1307 2569 me
1330 2504 1444 2589 pueda
1462 2502 1574 2588 mejor

339 2638 513 2706 governor
527 2618 553 2686 δ.
577 2620 627 2688 La
648 2628 725 2687 otta
741 2638 809 2704 que
829 2640 868 2687 os
889 2620 1003 2706 queda
1022 2639 1078 2687 me
1101 2621 1134 2686 la
1155 2618 1284 2705 ynbiad
1304 2640 1371 2686 oon
1391 2619 1424 2686 el
1445 2618 1572 2705 prime-

338 2755 390 2816 το,
409 2755 540 2822 parque
555 2739 630 2802 mis
647 2756 693 2802 no
708 2733 822 2803 hierre
845 2757 889 2801 en
905 2735 1009 2803 fiaros
1023 2755 1067 2802 en
1083 2737 1154 2801 v'os
1167 2757 1210 2802 eu
1226 2737 1331 2801 haser
1350 2745 1470 2802 eontra
1490 2735 1575 2804 todo

339 2863 479 2920 vuestro
495 2851 600 2919 deber
616 2862 640 2918 ⁰.
681 2885 685 2893 ·

390 3045 404 3072 ⁸
440 3027 596 3102 Scriptum
603 3029 673 3102 suit
683 3027 868 3101 pudibradea,
880 3033 910 3084 et
916 3033 1023 3102 posteo
1032 3028 1210 3085 obliteratae
1219 3034 1291 3107 synt
1299 3029 1422 3086 litterae
1434 3031 1515 3099 5.¹et
1526 3029 1574 3085 6.·

337 3121 388 3163 -b
408 3117 518 3175 Deleta
529 3123 601 3174 sunt
614 3119 718 3174 verbo:
732 3135 773 3201 eu
783 3119 810 3174 el
826 3117 921 3192 Seios
933 3126 1067 3174 nuestro.
1107 3131 1155 3161 -ο
1172 3117 1267 3183 Haec,
1290 3117 1381 3191 infra
1398 3121 1574 3194 superiora,

261 3213 268 3230 '
337 3207 451 3284 scripto
469 3207 630 3273 habentur,
641 3206 727 3280 sorte
745 3226 783 3263 ne
801 3207 951 3264 memoria
968 3207 1157 3263 exciderent:
1174 3205 1365 3263 Ponam-A.
1391 3207 1431 3264 Μ.
1453 3207 1533 3279 Julio
1548 3226 1571 3282 y

336 3283 377 3352 Μ’.
392 3297 513 3368 Jtcomo
524 3295 683 3354 Crecentio
695 3314 715 3368 y
726 3297 753 3354 al
767 3295 931 3354 licenciado
940 3295 1056 3352 biadrid
1067 3312 1138 3370 para
1151 3295 1329 3353 eicouiesor
1337 3296 1387 3352 del
1400 3297 1573 3369 papiu—Xe

337 3387 363 3442 al
378 3385 492 3458 palacio
504 3388 522 3444 i
534 3383 704 3442 Sioudrato.

391 3541 399 3572 ¹
438 3539 482 3592 Ex
494 3535 670 3593 adversariis
683 3533 874 3607 autographis
893 3533 925 3592 S.
940 3517 1061 3608 ignatii,
1080 3534 1111 3592 in
1128 3535 1201 3592 Cod.
1217 3535 1304 3591 Rom.
1318 3536 1345 3606 t,
1367 3555 1397 3594 u.
1417 3538 1570 3594 LXXXIV

336 3628 389 3697 (1.⁰
412 3630 500 3696 loeo).
1255 3638 1261 3652 ¹

388 3717 454 3772 Non
467 3715 575 3773 dicitur
586 3715 635 3772 cui
648 3717 721 3772 haec
734 3713 876 3770 schedula
889 3713 1071 3770 inscribitur.
1086 3715 1124 3770 Et
1136 3715 1256 3789 quidem
1268 3716 1338 3790 quia
1355 3715 1386 3773 in
1403 3718 1507 3774 eadem
1520 3733 1572 3791 pa·

292 3871 295 3878 ,
333 3806 414 3878 gina,
428 3805 479 3862 ubi
492 3805 617 3878 epistole
626 3804 664 3860 ad
675 3803 820 3875 Lainium,
835 3803 924 3858 immo
934 3803 1020 3875 juxta
1030 3804 1110 3859 illam
1121 3804 1301 3874 continetur,
1316 3805 1411 3861 videri
1421 3815 1521 3879 potest
1532 3807 1571 3862 ad

333 3893 470 3951 eumdem
483 3895 601 3965 scripta.
613 3893 725 3949 Exulis
738 3909 809 3948 vero
822 3900 905 3966 parte
915 3890 965 3965 qui
978 3893 1145 3965 epistolam,
1155 3893 1193 3948 ad
1205 3894 1426 3951 Domeneocum
1436 3904 1468 3951 et
1480 3895 1569 3951 Nata·

328 3973 392 4039 ¹iem
413 3981 462 4038 die
484 3981 501 4036 8
523 3981 708 4054 Septembris
730 3967 843 4054 dauri,
862 3997 951 4053 quam
974 3997 1069 4054 nuper
1089 3981 1290 4052 exhibuimus,
1313 3990 1429 4039 attente
1450 3985 1568 4056 legerit,

332 4071 533 4146 suspicabitur
554 4087 695 4145 praesens
713 4071 883 4142 epistolium
906 4085 964 4125 non
987 4067 1092 4126 Lainio
1113 4071 1166 4127 sed
1190 4069 1289 4128 Natali
1316 4072 1410 4127 fuisse
1433 4071 1568 4129 musam.

334 4163 408 4218 Nam
424 4164 450 4232 1)
464 4160 663 4218 certissimum
676 4169 724 4216 est
738 4159 874 4214 Natalem
888 4159 997 4230 Ignatii
1010 4159 1231 4233 subscriptione
1244 4160 1352 4218 inscite
1361 4164 1488 4218 abusum
1497 4163 1569 4219 bris·

332 4269 376 4324 se;
391 4251 420 4306 id
433 4249 513 4306 euim
526 4266 564 4305 ex
577 4248 694 4304 laudata
708 4247 834 4320 epistola
847 4247 885 4302 ad
895 4249 1116 4304 Domeneccum
1130 4257 1161 4304 et
1172 4248 1307 4306 Natalem
1318 4249 1430 4324 liquido
1439 4259 1569 4324 constat,

331 4357 391 4397 nou
400 4348 500 4400 autem
509 4337 607 4394 simile
617 4345 735 4396 constat
743 4335 909 4408 deLainio,
919 4338 1096 4411 praesertim
1105 4337 1300 4412 idltemporia
1309 4357 1369 4412 quo
1381 4339 1497 4398 Natalis
1505 4357 1569 4397 car·

331 4429 420 4503 uitur.
435 4431 463 4499 2)
476 4427 522 4484 Ibi
535 4427 645 4484 dicitur
659 4425 737 4483 mitti
750 4425 953 4498 objurgatoria
965 4426 1107 4484 schedula
1119 4426 1158 4482 ad
1167 4427 1314 4500 Natalem,
1325 4445 1414 4502 quse,
1423 4430 1483 4486 nisi
1493 4431 1569 4487 haec

327 4510 378 4592 sit,
394 4533 539 4591 nusquam
551 4515 712 4589 comparet.
729 4513 873 4570 Videatur
886 4509 1014 4588 epistola
1025 4514 1063 4570 ad
1080 4516 1241 4573 Araozium
1254 4533 1272 4588 4
1284 4516 1471 4590 Septembris
1482 4518 1565 4592 data,

330 4609 381 4666 ubi
394 4623 492 4664 sermo
505 4614 552 4663 est
563 4604 601 4662 de
616 4604 734 4673 litteris,
749 4605 826 4660 hauc
839 4603 948 4674 Ignatii
961 4603 1209 4678 subscriptionem
1223 4623 1293 4679 prae
1306 4624 1339 4662 se
1353 4605 1529 4668 ferentibus.
