3625 5375
434 438 487 510 396
813 439 1022 510 Μοηιηηῑητη
1040 439 1220 494 lanarum

399 615 466 680 que
482 616 521 660 su
538 592 732 660 santissimo
748 593 914 660 voluntad
930 591 1079 678 siempre
1095 591 1261 658 sintamos
1275 612 1299 676 y
1311 589 1447 675 aquella
1459 590 1630 676 perfecta·

400 720 513 778 mente
529 709 756 795 cumplamos.

466 828 519 893 De
536 827 643 891 Roma
659 845 680 907 4
696 825 740 892 de
756 822 882 910 Μηγοἰ
904 837 1000 910 1549.

465 941 517 1008 De
534 943 576 1008 V.
597 941 669 1009 md.
693 939 806 1010 sieruo
824 963 868 1007 en
883 941 917 1006 el
933 942 1045 1008 Senot
1061 947 1215 1019 nuestro,
1282 1027 1298 1092 I

1298 1046 1437 1094 Gamo

467 1171 662 1257 Inscriptio.
690 1117 757 1240 stis.
785 1173 818 1238 A
835 1171 880 1236 mi
897 1180 1021 1238 sonora
1035 1191 1079 1236 en
1095 1170 1127 1236 el
1144 1171 1256 1238 Seflor
1272 1180 1412 1257 nuestro
1425 1170 1459 1234 la
1470 1169 1547 1237 Sra.
1565 1168 1629 1234 do-

400 1298 445 1356 tia
462 1289 620 1355 Aldonza
635 1287 810 1354 Gonzalez
827 1287 871 1352 de
886 1284 1113 1371 Villasimpliz
1128 1297 1196 1354 etc.
1212 1284 1221 1334 ³
1238 1285 1429 1372 Caragooa.

369 1493 372 1496 Ι
466 1406 547 1472 Atia
563 1425 684 1470 manu.
705 1402 814 1489 Copia
829 1403 873 1469 de
888 1404 921 1469 la
938 1413 1031 1469 carta
1046 1403 1090 1470 de
1102 1414 1243 1471 nuestro
1255 1389 1549 1470 bienziventurado
1561 1397 1630 1466 Pa-

399 1521 460 1588 dre
476 1541 544 1606 que
559 1541 597 1586 se
612 1519 704 1588 lleue
719 1525 740 1584 e
755 1519 807 1585 los
823 1519 996 1585 entermos
1010 1516 1037 1582 ¹¹.

410 1721 411 1724 Ἴ
467 1637 510 1702 In
526 1635 687 1702 schedula
702 1635 853 1720 exempto
871 1633 976 1703 «coo.
994 1635 1116 1699 Rom.»
1131 1633 1367 1720 adglutinata.
1382 1635 1464 1698 Esta
1478 1643 1632 1700 tenemos
1736 1624 1742 1673 ·'

400 1755 443 1821 de
460 1753 503 1818 N.
523 1753 561 1821 S.
581 1748 621 1816 P.
641 1750 782 1838 Ignacio
797 1771 842 1818 en
858 1750 890 1816 el
906 1748 1042 1836 colegio
1056 1749 1101 1816 de
1117 1748 1253 1816 Lerida:
1276 1749 1463 1835 quedamos
1483 1752 1545 1814 ace
1564 1768 1630 1815 con
1728 1764 1733 1815 ,¹

402 1869 436 1934 ol
451 1866 608 1953 original.
624 1869 683 1956 Ju.
700 1864 809 1931 Pablo
826 1867 914 1932 tons.

362 1981 365 1988 “
468 1984 511 2048 In
521 1981 598 2068 fine
613 1982 759 2068 exempti
777 1979 880 2049 «Cod.
900 1980 1045 2045 Poris.»
1064 1978 1227 2046 Cortifico
1243 2000 1312 2065 quo
1327 1988 1419 2047 estas
1439 1977 1556 2064 copias
1570 1975 1579 2017 ¹
1594 1998 1632 2044 se
1719 2028 1723 2055 =

403 2099 471 2164 han
488 2098 614 2164 sacado
629 2083 686 2163 del
701 2095 842 2164 archivo
856 2096 901 2163 de
917 2097 951 2161 la
966 2094 1154 2181 provincia,
1173 2116 1241 2179 que
1256 2100 1331 2162 esti
1346 2116 1390 2161 en
1407 2104 1481 2161 este
1496 2092 1632 2179 colegia

402 2213 446 2282 de
461 2213 498 2282 S.
518 2211 638 2282 Pablo.
662 2213 826 2280 Valencia
846 2233 870 2296 y
893 2213 1043 2292 Febrero
1067 2213 1109 2278 28
1132 2211 1176 2278 de
1204 2213 1300 2295 1708.
1322 2210 1498 2300 jeronimo
1516 2209 1631 2298 Julian

383 2357 386 2364 ·
405 2329 449 2396 V.
470 2331 526 2397 R!
541 2330 585 2396 de
601 2327 707 2396 dicho
722 2328 869 2414 colegi0.
1385 2325 1388 2330 ’

469 2445 514 2512 In
529 2445 705 2531 principio
724 2445 870 2529 exempti
893 2444 996 2509 «Cod.
1019 2443 1241 2512 Mantua.»
1270 2445 1322 2509 En
1345 2466 1391 2510 un
1416 2441 1571 2513 relicario
1589 2443 1633 2508 de

382 2635 385 2640 ¹
405 2562 455 2628 las
470 2561 603 2646 monjas
620 2560 811 2627 Bernardas
827 2550 876 2628 de¹
888 2558 1060 2626 Tamarite
1070 2581 1120 2625 en
1136 2561 1280 2645 Aragon
1296 2581 1334 2627 se
1349 2580 1518 2628 conserva
1538 2559 1571 2626 la
1585 2556 1633 2624 si-

408 2674 550 2763 guiento
565 2687 659 2743 carta
675 2675 718 2743 de
734 2675 771 2745 S.
791 2674 942 2762 Ignaci0,
961 2674 1103 2760 copiada
1118 2675 1304 2743 fielmente.
1591 2759 1595 2764 ᾖ

471 2792 515 2857 In
533 2792 636 2858 «Cod.
656 2792 803 2876 Puyat.»
822 2792 904 2857 Este
921 2790 1094 2859 fielmente
1110 2790 1255 2876 copiada
1269 2792 1313 2857 de
1329 2791 1362 2857 la
1382 2768 1540 2876 original,
1565 2809 1631 2875 que

404 2928 440 2973 se
461 2926 628 2975 conserva
643 2927 686 2972 en
710 2928 755 2971 un
775 2904 931 2973 relicerio
950 2906 994 2973 de
1013 2907 1065 2971 las
1087 2906 1221 2991 monjas
1237 2906 1429 2973 Bernardas
1446 2905 1488 2971 de
1505 2905 1537 2973 la
1554 2903 1635 2969 villa

280 3092 282 3099 ,
403 3024 447 3091 de
463 3022 637 3091 Tamarite
652 3044 695 3089 en
713 3022 898 3117 Aragon'...

640 3259 780 3329 PATRI
808 3139 1065 3327 EVERAggg
1090 3260 1403 3329 MERCURIANO

839 3405 926 3449 nono
948 3404 978 3447 11
999 3406 1069 3460 nou
1090 3406 1160 3462 1549
1179 3394 1199 3449 ¹.
1221 3461 1224 3471 Ι

405 3508 635 3566 Mercurionum
657 3510 799 3583 ignotius
816 3511 850 3564 in
866 3509 1073 3580 coadjutorem
1095 3509 1291 3581 spirituatem
1313 3509 1461 3577 admittit,
1483 3508 1637 3578 eidemque

456 3599 592 3653 omnium
606 3603 733 3670 operum
747 3603 779 3654 et
791 3598 980 3662 ‚meritorum
995 3599 1266 3670 participationem
1283 3598 1497 3661 communicat,
1515 3600 1544 3651 et
1560 3612 1638 3668 gra·

457 3688 584 3750 tiorum,
596 3685 788 3759 facultatum
807 3704 844 3741 ac
857 3686 1096 3758 privilegiorum
1114 3684 1364 3755 auctoritatisque
1377 3684 1487 3753 omnis,
1505 3702 1525 3738 a
1538 3684 1636 3755 ponti·

451 3774 510 3847 fiee
524 3776 667 3831 Societati
679 3792 838 3830 concessae.

974 3931 1062 4016 Jhus

472 4058 607 4126 Dilecto
620 4060 713 4126 fratri
726 4060 762 4127 in
774 4060 915 4130 Christo
926 4064 1022 4149 Jesu,
1038 4064 1128 4146 Mag.
1145 4063 1320 4129 Euerardo
1335 4060 1564 4137 Mercuriano,
1581 4079 1636 4124 sa-

405 4180 511 4245 lutem
528 4175 563 4241 in
579 4174 729 4243 Domino
744 4176 1000 4263 sempiternam.

460 4338 467 4377 ἱ
503 4334 541 4390 de
559 4335 688 4391 additur
707 4335 740 4391 in
758 4338 912 4392 «Menona»
950 4338 993 4388 —i
1012 4354 1050 4392 en
1070 4337 1314 4401 Rom.,Menei1.,
1333 4338 1444 4407 Pnyal.
1483 4337 1533 4377 ..k
1551 4334 1640 4407 Deest

405 4428 477 4481 tzaec
498 4425 657 4481 annotatio
679 4427 713 4480 in
738 4426 812 4481 aliie
836 4427 991 4499 exemptis.
1031 4427 1074 4469 ..1
1100 4427 1247 4499 Refertur
1267 4428 1310 4481 aet
1331 4431 1465 4498 quatuor
1485 4422 1639 4496 epistotae,

405 4532 537 4585 quarum
551 4517 747 4585 transumpta
759 4515 897 4589 exempta
915 4514 1126 4572 mittebantur.

460 4654 467 4688 ¹
507 4657 550 4710 Ex
564 4657 742 4729 apographO,
757 4657 786 4713 in
800 4656 902 4712 codice
919 4656 990 4715 Litt.
1003 4662 1134 4729 patent„
1147 4657 1235 4713 unico
1248 4655 1328 4711 folio.
