3625 5375
705 409 915 466 uomimmr
931 409 1113 465 Ionium

866 565 949 645 tat

594 705 734 774 PATRI
762 705 926 774 SIMONI
954 705 1211 773 RODERlClO

744 852 834 894 noun
850 851 860 894 1
876 839 1065 910 ua111549¹.

291 959 434 1032 Ignotius
446 956 504 1010 sibi
512 955 665 1010 substituit
678 974 715 1011 nc
730 955 905 1028 subdelegot
918 955 1115 1012 Roderioium
1127 955 1274 1027 aliosque,
1287 973 1359 1027 quos
1371 956 1524 1023 nominat,

340 1049 374 1101 in
385 1046 619 1117 praesentandis
631 1045 759 1101 vicariis
767 1049 827 1116 pro
838 1043 971 1100 eoeksir's
981 1049 1011 1101 et
1018 1044 1210 1110 sacerdotiis,
1222 1045 1350 1120 collegio
1361 1045 1525 1100 conimbri-

344 1137 425 1192 censi
438 1133 544 1194 unitis,

316 1347 320 1360 ¹
356 1261 492 1329 Dilecto
507 1261 544 1326 in
565 1261 705 1328 Christo
727 1261 822 1328 fratri
843 1265 939 1348 Mag.
961 1261 1105 1342 Simoni,
1123 1262 1319 1348 praeposito
1342 1262 1377 1329 in
1394 1263 1522 1328 Portu·

290 1377 384 1463 galia
403 1377 557 1445 eiusdem
574 1375 768 1457 societatis,
786 1378 933 1443 salutem
944 1378 980 1442 in
997 1377 1145 1444 Domino
1160 1377 1416 1464 sempiternam.

332 1469 338 1476 ι
358 1494 447 1561 Cum
465 1513 574 1578 nuper
595 1491 803 1560 Colimbriae
826 1493 1010 1578 collegium
1034 1492 1318 1560 scholasticorum
1339 1493 1524 1562 Societatis

291 1619 441 1691 nostrae,
463 1607 560 1675 acin
587 1607 741 1676 ecclesiis
764 1619 799 1674 et
826 1608 1003 1675 beneficiis
1030 1609 1236 1694 quibusdam
1264 1607 1522 1690 ecclesiasticis,

290 1723 387 1791 dicto
402 1723 548 1806 collegio
559 1723 675 1803 vnitis,
693 1723 841 1792 vicariae
857 1737 1043 1810 perpetuae
1062 1746 1124 1792 seu
1145 1725 1322 1810 portiones
1341 1725 1385 1791 ad
1400 1745 1524 1791 earun-

290 1842 368 1907 dem
386 1839 611 1906 ministerium
626 1849 662 1907 et
678 1839 742 1906 Dei
759 1840 891 1905 cultum
907 1840 1096 1925 apostolica
1118 1839 1325 1906 auctoritate
1346 1839 1524 1926 erigeren-

292 1967 360 2035 tur,
378 1977 438 2040 per
453 1955 490 2022 S.
512 1957 556 2022 D.
581 1956 626 2020 N.
658 1956 816 2035 Paulum,
842 1955 959 2022 diuina
986 1955 1203 2042 prouidentia
1224 1979 1346 2041 papam
1368 1955 1522 2036 tertium,

291 2071 402 2150 nobis,
417 2083 451 2137 et
468 2092 531 2155 pro
547 2081 699 2156 tempore
710 2069 938 2146 existentibus
951 2047 1152 2157 praepositis
1164 2072 1385 2157 generalibus
1402 2071 1523 2139 Socie-

291 2186 474 2274 tatisJesu‚
491 2186 722 2270 praesentatio
737 2185 945 2252 vicariorum
960 2208 1024 2254 seu
1039 2188 1316 2272 cappellanorum
1332 2186 1369 2252 in
1385 2186 1525 2254 vicariis

292 2301 465 2388 predictis,
483 2323 641 2388 cumpro
660 2313 813 2387 tempore
828 2323 953 2369 vacare
968 2303 1196 2388 contingeret,
1215 2315 1269 2371 est
1289 2305 1424 2371 collata.
1451 2304 1529 2370 Nos

292 2439 386 2498 vero,
404 2417 462 2502 qui
480 2429 675 2500 praesentes
692 2417 738 2482 ibi
755 2439 831 2484 esse
852 2417 993 2483 minime
1008 2439 1204 2504 possumus,
1227 2439 1295 2504 qua
1317 2417 1527 2486 confidentia

293 2535 328 2599 in
344 2533 513 2620 probitate
529 2545 563 2602 et
588 2531 769 2619 prudentia
785 2544 845 2598 tua
861 2531 895 2598 in
911 2533 987 2598 aliis
1009 2534 1053 2599 ad
1074 2534 1226 2600 officium
1244 2549 1400 2598 nostrum
1417 2534 1525 2619 perli-

293 2649 456 2718 nentibus
473 2648 509 2713 in
525 2647 642 2735 regnis
661 2645 881 2734 Portugaliae
898 2659 933 2717 te
948 2647 1202 2728 substituimus,
1219 2649 1353 2730 eadem,
1371 2645 1407 2715 in
1424 2669 1517 2735 prae·

295 2764 470 2833 sentandis
486 2764 618 2830 idoneis
634 2763 789 2849 personis
805 2764 848 2831 ad
861 2786 981 2831 omnes
992 2765 1157 2831 ecclesias
1168 2787 1230 2831 seu
1243 2764 1388 2831 vicarias
1399 2764 1522 2829 huius·

294 2881 385 2947 modi
404 2894 437 2948 te
452 2894 487 2947 et
503 2902 575 2959 eos
594 2878 704 2963 quiin
728 2879 841 2945 officio
858 2878 920 2944 tibi
943 2880 1185 2960 successerint,
1203 2902 1338 2947 necnon
1356 2894 1525 2948 rectorem

294 2996 376 3064 dicti
392 2996 528 3082 collegii
544 2995 649 3063 nostri
666 2995 915 3063 colimbriensis
930 3017 992 3081 pro
1009 3008 1162 3082 tempore
1172 2996 1392 3077 existentem,
1407 3009 1441 3062 te
1455 3016 1525 3062 non

294 3112 508 3198 probibente,
526 3124 561 3181 et
588 3111 746 3195 quemuis
773 3121 940 3190 vestrum,
969 3111 1004 3175 in
1031 3112 1177 3177 solidum
1198 3133 1278 3179 cum
1300 3117 1417 3177 nostia
1433 3111 1531 3177 omni

297 3232 409 3314 (quam
421 3226 675 3294 communicare
687 3227 731 3292 ad
742 3224 777 3292 id
789 3228 982 3313 possumus)
996 3226 1171 3306 facultate,
1184 3248 1369 3312 quamque,
1385 3226 1414 3292 si
1427 3247 1530 3312 prae-

297 3354 411 3411 sentes
426 3365 592 3422 essemus,
610 3344 737 3408 habere
753 3363 949 3428 possemus,
963 3345 1154 3428 perdecem
1166 3366 1287 3423 annos,
1301 3346 1414 3409 adata
1428 3366 1530 3429 prae·

298 3458 447 3525 sentium
463 3460 729 3545 computandos,
748 3457 992 3524 substituimus
1006 3480 1047 3525 ac
1063 3460 1331 3545 subdelegamus
1347 3460 1373 3523 ’.

364 3574 468 3659 Quod
485 3584 522 3639 vt
539 3574 700 3641 omnibus
716 3585 874 3641 constare
891 3574 1011 3660 possit,
1030 3594 1177 3659 quorum
1192 3575 1346 3653 interest,
1364 3578 1470 3641 hasce
1487 3574 1531 3639 li-

299 3700 390 3757 teras
418 3701 585 3775 patenteS,
617 3701 733 3757 nostra
761 3712 865 3757 manu
891 3702 927 3759 et
950 3690 1133 3759 Societatis
1148 3692 1263 3777 sigillo
1280 3692 1443 3771 munitas,
1466 3690 1532 3757 de-

301 3806 427 3874 dimus.
446 3840 451 3849 ·

366 3924 494 3989 Romae
510 3922 663 3989 calendis
681 3922 761 3989 Maii
780 3944 872 3989 anno
891 3922 1030 3989 Domini
1052 3940 1152 4009 1549.

370 4039 411 4103 ln
428 4040 606 4125 margine.
625 4039 758 4108 Electio
775 4038 810 4103 in
827 4038 1059 4124 praepositum
1076 4036 1137 4127 [sic
1146 4040 1357 4125 perperavit]⁴

356 4214 363 4243 ¹
402 4210 445 4263 Ex
458 4210 636 4281 apographo,
652 4209 682 4264 in
695 4207 798 4263 codice
812 4210 931 4263 Decret.
944 4213 974 4263 et
988 4210 1091 4273 instr„
1106 4208 1161 4265 fol.
1175 4223 1226 4263 20.

354 4302 364 4331 ²
404 4297 566 4353 Videantur
582 4298 715 4368 Epist...
731 4300 867 4353 Simonis
881 4300 1047 4361 Rodericii,
1058 4315 1126 4370 pag.
1139 4300 1204 4367 625.
