3625 5375
774 418 982 475 Monuununn
1001 417 1180 473 lounstnun
1222 486 1225 490 ¹

939 618 1004 699 811

659 751 858 819 PETRO
894 748 1286 819 SCHORICHIO

730 904 818 948 noun
837 904 869 947 21
890 902 1086 971 snpnnnpnis
1105 902 1173 960 1549
1191 888 1211 948 ¹.

358 1016 491 1073 Litterae
509 1016 679 1075 Soborichii
697 1020 726 1071 et
749 988 900 1072 Victoria'o
917 1016 1144 1082 desiderantum
1160 1014 1390 1071 Bartholomaei
1406 1013 1583 1076 mittuntur.

422 1147 720 1239 [Bologna.]-6.⁰
737 1151 770 1218 A
787 1152 889 1218 Mtro.
910 1150 1021 1216 Pedro
1036 1150 1062 1213 ³.
1085 1150 1196 1217 Sobre
1217 1169 1285 1233 que
1300 1148 1411 1217 scriua
1427 1150 1526 1237 largo
1541 1152 1584 1217 de

354 1286 414 1332 sus
429 1286 528 1333 cosas
544 1266 576 1333 el
591 1288 614 1351 y
631 1264 792 1333 Vittoria.

420 1383 496 1448 Van
509 1382 554 1449 de
566 1382 823 1451 Bartholomeo.

686 1496 844 1563 Inbiadas
861 1518 904 1563 en
922 1514 961 1562 21
980 1496 1024 1563 de
1044 1494 1246 1564 Setiembre.

465 1764 618 1831 PATER
643 1763 856 1851 J-OANNES
883 1642 952 1829 Di?
956 1638 1199 1830 71101ΑΝΟΟ
1224 1755 1286 1828 EX
1315 1762 1466 1829 COMM.

740 1885 858 1941 PATRI
877 1882 1008 1943 PETRO
1026 1882 1189 1943 CANISIO

712 2006 862 2069 11011114
884 2006 1080 2049 seorsusms
1101 2005 1171 2063 1549
1189 1999 1210 2046 ¹.

351 2110 504 2165 Polancus
518 2109 638 2165 Caunii
651 2109 763 2165 littaris
774 2110 994 2165 humanissime
1006 2112 1175 2180 respondet,
1185 2108 1474 2183 instructionemque
1485 2112 1581 2167 mittit

401 2198 549 2264 demonio,
567 2216 625 2271 qno
639 2216 749 2271 perere
770 2216 800 2255 se
821 2199 855 2253 in
880 2197 1052 2254 Germania
1073 2196 1215 2253 Canisins
1233 2198 1345 2255 debeat.
1355 2198 1431 2254 -De
1452 2199 1576 2273 epistola

401 2288 476 2341 data
488 2287 648 2343 coactare
670 2288 861 2359 negotiorum
887 2286 1036 2343 Gulielmi
1053 2285 1215 2357 principis.
1228 2287 1301 2343 -De
1322 2288 1454 2343 doctoris
1472 2291 1578 2361 gradu

402 2376 557 2433 Bononiae
569 2376 768 2449 suscipiendo.

912 2465 990 2611 Jtis.

414 2653 625 2724 Charissimo
640 2655 753 2726 Padre
769 2656 837 2724 mio
853 2656 887 2722 in
900 2659 984 2746 Jesit
1001 2653 1065 2722 X.⁰

413 2776 479 2840 Fra
495 2773 528 2840 la
544 2772 613 2840 mia
628 2773 746 2840 sicciti
768 2784 803 2840 et
824 2775 856 2842 le
876 2775 980 2839 molte
1002 2772 1234 2859 occupationi,
1257 2776 1335 2840 saro
1361 2784 1520 2840 escusato
1539 2773 1574 2840 di

346 2911 414 2956 non
441 2888 638 2974 rispondere
665 2889 730 2955 atla
757 2888 909 2956 officiosa
935 2901 969 2956 et
997 2898 1093 2954 tanto
1124 2887 1370 2954 charitateuole
1399 2888 1512 2955 littera
1539 2889 1574 2954 di

346 3005 389 3072 V.
409 3007 450 3073 R.
469 3025 530 3090 per
545 3003 569 3068 il
587 3003 791 3072 medessimo
807 3025 920 3083 verse,
938 3025 994 3070 ma
1018 3004 1083 3071 ben
1105 3002 1151 3070 mi
1171 3003 1284 3070 vorria
1303 3005 1454 3072 sforzare
1474 3003 1510 3069 di
1527 3004 1572 3068 ei-

344 3121 513 3206 spondere
533 3117 565 3186 al
586 3122 732 3186 mancho
752 3121 809 3186 all'
834 3141 963 3201 amore,
992 3122 1057 3187 che
1081 3119 1136 3186 nel
1159 3118 1288 3206 Signor
1311 3130 1430 3186 nostro
1454 3129 1489 3187 et
1512 3141 1573 3206 per

344 3237 449 3320 quillo
466 3235 512 3301 mi
529 3235 632 3316 tiene,
650 3235 863 3330 degnandosi
880 3236 948 3303 Dio
964 3258 1024 3321 per
1039 3257 1137 3302 mezo
1152 3236 1240 3304 delle
1256 3235 1399 3302 orationi
1417 3235 1452 3302 di
1469 3239 1512 3305 V.
1528 3239 1569 3304 R.

343 3353 451 3418 darmi
468 3352 580 3436 quella
596 3351 739 3432 chariti,
756 3353 822 3418 che
837 3351 995 3419 desidero
1010 3361 1045 3418 et
1060 3353 1107 3417 ho
1121 3351 1157 3417 di
1173 3350 1332 3438 bisogno.

344 3505 542 3513 ...ω’-...-

397 3575 404 3607 ¹
444 3575 487 3630 Ex
501 3574 603 3631 codice
617 3578 736 3646 Rogest.
751 3575 776 3640 t,
790 3575 840 3630 tol.
858 3573 941 3645 189v‚
956 3591 1033 3630 vers.
1051 3574 1083 3630 16
1096 3582 1127 3629 et
1142 3587 1184 3646 17,
1198 3575 1235 3632 P.
1251 3575 1369 3630 Polanci
1383 3593 1482 3631 manu.

394 3669 405 3700 ²
443 3664 627 3719 «studebant
641 3664 670 3720 id
684 3665 823 3736 temporis
836 3665 948 3737 aliquot
961 3681 998 3719 ex
1008 3662 1118 3719 nostris
1129 3663 1314 3719 scholasticis
1323 3665 1484 3736 Bononiae,
1495 3664 1572 3722 inter

341 3769 415 3826 quos
433 3763 496 3808 erat
514 3756 644 3825 Joannes
667 3755 836 3823 Alphonsus
857 3753 894 3810 de
918 3753 1100 3810 Victoria...
1121 3755 1219 3810 Dabat
1240 3763 1340 3808 autem
1361 3771 1481 3826 opernm
1502 3764 1572 3812 tunc

341 3843 448 3898 litteris
466 3842 698 3910 humanioribus,
712 3851 743 3897 et
762 3843 903 3913 magister
926 3843 1032 3897 Petrus
1051 3842 1257 3898 Schoricchius
1276 3843 1405 3914 privatas
1427 3844 1571 3900 lectiones

341 3931 453 4004 aliquas
468 3933 494 3986 ei
513 3941 543 3986 et
560 3931 626 3987 aliis
646 3935 847 4004 praelegebat,
870 3933 1006 4005 quamvis
1020 3941 1051 3986 et
1064 3932 1198 4004 publicas
1210 3932 1374 3988 audirent.»
1387 3933 1571 4001 POLANCUS,

342 4019 466 4085 Chron„
484 4023 506 4090 1,
521 4036 582 4089 492.

394 4202 401 4233 ¹
441 4202 484 4254 Ex
498 4201 690 4271 autographo,
709 4199 786 4272 quod
805 4207 941 4254 servatur
964 4200 994 4254 in
1011 4201 1131 4255 archivo
1148 4199 1232 4271 regni
1250 4200 1380 4256 bavarici
1396 4201 1567 4272 (Mouchem

339 4289 559 4346 Reichsarchiv.
571 4289 702 4359 -Jesnit
718 4291 750 4343 in
768 4307 853 4360 geru,
872 4289 926 4344 N.⁰
939 4288 993 4343 316
1012 4290 1056 4362 ¹l„
1070 4291 1155 4344 Fasc.
1172 4301 1213 4361 19,
1230 4289 1279 4344 fol.
1299 4293 1356 4359 57).
1374 4291 1472 4346 Breve
1489 4290 1567 4346 illius

340 4379 530 4434 summarium
544 4387 641 4434 exstat
655 4377 684 4433 in
698 4377 799 4432 codice
816 4380 934 4450 Regest.
948 4379 974 4444 J,
989 4379 1038 4434 iol.
1056 4379 1138 4449 189v,
1152 4397 1231 4434 vers.
1249 4392 1278 4449 14
1296 4389 1324 4434 et
1343 4393 1382 4450 15,
1399 4380 1431 4434 P.
1447 4379 1567 4435 Polanci

339 4468 597 4538 manuscriptum,
618 4466 821 4539 repetiturque
840 4467 918 4522 inter
936 4467 992 4522 alia
1012 4481 1043 4520 21
1063 4467 1248 4539 Septembris
1262 4469 1363 4522 missa.
1386 4469 1446 4523 Nos
1467 4478 1566 4524 tumen

338 4557 417 4612 diem
441 4571 473 4624 24
497 4557 640 4627 epistolae
663 4556 853 4628 praefiximus
876 4566 1030 4628 propterea
1051 4556 1129 4630 quod
1154 4557 1201 4611 hic
1223 4555 1288 4612 dies
1309 4556 1347 4612 ad
1368 4556 1433 4630 ejus
1454 4559 1564 4613 calcem

339 4646 457 4716 legitur.
