3625 5375
408 442 461 500 252
657 466 661 472 ·
788 430 998 492 nouuunnn
1015 427 1198 500 Innnsrnnn

366 584 560 671 eompanra
576 594 717 652 nuestra
728 582 819 651 debe
829 584 937 653 aridas
953 588 1028 651 ntis
1043 581 1329 653 indirectamente
1343 602 1388 651 en
1401 594 1475 651 esta
1490 593 1607 669 parte,

370 698 669 784 fauorespiendose
689 718 772 785 muy
787 698 1090 785 particularniente
1107 699 1154 766 de
1172 698 1320 787 alguuas
1338 718 1506 787 personas
1522 720 1607 783 moy

368 816 545 883 atecradas
561 820 582 881 a
597 814 674 897 ella3
693 834 766 881 mes
781 834 864 901 para
880 816 989 881 andar
1002 815 1155 884 derecho
1169 836 1193 901 y
1205 836 1274 883 oon
1287 815 1387 881 fauor
1404 814 1610 884 neceesario

366 936 489 1029 ornuy
517 930 761 1013 conueniente,
790 931 823 997 le
850 949 991 1017 paresne
1014 948 1082 1014 que
1109 930 1154 997 V.
1184 932 1241 1011 R.‚
1261 931 1436 997 habiandn
1452 930 1486 996 al
1502 939 1610 997 senor

371 1044 519 1133 bisorey,
539 1044 675 1114 escriua
690 1044 723 1113 al
739 1064 863 1133 papay
878 1046 963 1113 alos
979 1047 1177 1113 cardenales
1189 1046 1367 1125 Fernesim
1381 1044 1607 1130 Crescenoio,

373 1154 510 1249 Burgos
526 1184 548 1249 y
564 1160 668 1249 Carpi
682 1162 706 1245 ⁸;
725 1180 869 1251 porque,
889 1178 1025 1248 avnque
1041 1162 1072 1230 el
1086 1182 1186 1249 papa,
1205 1182 1269 1248 por
1289 1162 1324 1227 lo
1341 1182 1409 1247 que
1426 1162 1471 1229 de
1492 1167 1558 1229 aed
1573 1182 1610 1228 se

368 1280 400 1344 le
418 1278 531 1365 puede
547 1278 683 1357 habiat,
703 1298 741 1345 se
757 1298 877 1365 espera
902 1298 971 1362 que
986 1298 1024 1344 se
1043 1277 1206 1363 disporna
1228 1275 1309 1343 bien
1329 1298 1414 1364 para
1433 1278 1610 1355 adelante,

371 1414 553 1480 pensamos
569 1414 637 1480 que
659 1398 736 1463 sera
755 1392 837 1461 bien
865 1404 1038 1462 menester
1053 1403 1174 1462 entero
1195 1391 1292 1459 fauor
1316 1394 1360 1463 de
1388 1392 1474 1460 Dios
1496 1394 1543 1461 N.
1572 1394 1610 1461 S.-

371 1508 580 1589 immediate,
599 1515 772 1597 oporsus
789 1509 1047 1577 instrumentos.
1066 1509 1097 1577 Y
1114 1530 1244 1597 porque
1260 1531 1342 1597 para
1363 1520 1456 1579 estos
1476 1508 1613 1580 eiectos

375 1624 448 1693 aS.
469 1626 508 1691 E.
526 1625 559 1691 le
576 1625 622 1691 ha
643 1636 767 1711 puesto
794 1626 940 1711 portal,
963 1626 1143 1693 crehemos
1168 1646 1237 1708 que
1258 1636 1333 1693 esta
1358 1624 1541 1712 diligentia
1565 1646 1612 1692 no

374 1746 452 1809 seri
470 1740 652 1820 frustrada‚
682 1760 768 1827 pnes
796 1751 872 1809 ntra
898 1760 980 1806 cosa
996 1760 1043 1806 no
1060 1761 1100 1809 se
1117 1740 1225 1807 busca
1241 1739 1331 1809 nise
1347 1751 1449 1821 trata,
1468 1762 1539 1825 que
1555 1738 1609 1829 [la]

379 1876 499 1941 mayor
515 1854 626 1941 gloria
637 1854 767 1923 diuina.
956 1945 960 1950 ἡ

444 1972 498 2039 De
514 1972 624 2039 Roma
639 1980 771 2041 tercero
787 1971 831 2037 de
849 1969 1074 2042 Nobiembre.

445 2086 557 2153 Manu
574 2088 620 2155 P.
639 2086 796 2153 Polanci.
816 2086 926 2174 Copia
941 2087 987 2155 de
1001 2088 1035 2153 lo
1047 2085 1152 2153 serito
1165 2092 1187 2153 a
1200 2089 1301 2156 Mtro.
1319 2089 1522 2159 Domanech
1534 2110 1580 2153 en
1594 2107 1613 2172 3

375 2204 421 2268 de
437 2201 645 2271 Noviembre
668 2202 764 2285 1548.

915 2319 995 2401 48⁰
1016 2316 1063 2373 bis

770 2448 915 2521 JURATI
934 2448 1218 2508 MESSANENSES

649 2556 789 2623 PATRI
818 2554 1020 2625 IGNATIO
1052 2558 1115 2625 DE
1145 2558 1340 2626 LOYOLA

751 2699 899 2746 unssnnn
914 2699 948 2760 15
961 2701 1122 2746 ocronnrs
1135 2691 1205 2761 1548
1217 2693 1236 2747 ⁹.

431 2807 593 2880 Expeditio
606 2803 706 2862 bullae
717 2799 893 2878 pnrttificiae
904 2811 964 2878 pro
981 2805 1107 2881 collegio
1121 2808 1305 2863 nramertino
1317 2811 1561 2864 commendatur.

985 2934 1009 3018 †

440 3049 520 3108 Rdo.
537 3050 560 3106 si
585 3065 650 3106 nor.

437 3157 484 3215 La
499 3066 592 3216 Exngu
611 3156 652 3214 de
666 3155 695 3214 lo
711 3155 796 3214 limo.
811 3157 917 3232 signor
929 3155 1046 3216 nicerte
1060 3155 1091 3214 di
1103 3167 1216 3231 questo
1229 3175 1327 3234 regno
1341 3175 1381 3218 ne
1394 3160 1436 3218 ha
1453 3159 1544 3221 detto
1557 3161 1612 3217 ha-

377 3281 453 3323 vere
467 3281 625 3322 commeso
640 3279 665 3322 a-
672 3262 711 3322 V.
725 3261 800 3320 Sria.
815 3261 844 3320 la
857 3263 1060 3337 expeditione
1073 3263 1106 3322 d'
1119 3281 1181 3322 vna
1195 3263 1278 3322 bulla
1293 3266 1462 3340 apostolica
1481 3283 1577 3341 sopra
1588 3267 1617 3324 lo

377 3373 455 3430 fatto
470 3371 510 3428 de
521 3371 637 3446 posser’
654 3386 759 3446 regere
772 3369 790 3426 ii
811 3369 903 3428 studii
917 3370 948 3430 in
972 3378 1082 3443 questa
1096 3372 1178 3442 cittii,
1191 3372 1222 3429 in
1236 3371 1267 3430 lo
1286 3373 1380 3430 modo
1396 3375 1454 3432 che
1472 3373 1502 3431 la
1522 3373 1619 3434 Enni·

380 3496 438 3538 sna
452 3495 491 3536 ve
505 3478 619 3538 hauera
633 3477 805 3536 informato:
820 3477 850 3534 n'
866 3477 945 3536 simo
960 3477 1056 3553 inulto
1070 3478 1219 3553 relegrate
1237 3479 1268 3538 la
1282 3475 1356 3538 cosa
1375 3498 1478 3538 essere
1491 3499 1510 3538 a
1525 3497 1619 3540 mann

376 3585 419 3644 de
434 3585 471 3644 V.
486 3585 560 3644 Stia.
577 3586 634 3642 che
649 3585 727 3642 simo
743 3584 817 3642 certi
833 3601 896 3642 non
917 3601 1011 3640 sence
1032 3586 1198 3642 mancherit
1212 3586 1253 3644 de
1269 3586 1408 3645 sarsenoe
1425 3587 1447 3644 il
1468 3588 1618 3662 possibile

380 3711 441 3752 con
455 3709 536 3768 ogne
551 3693 563 3720 ²
579 3691 783 3749 sollicitudine
799 3699 830 3748 et
844 3690 1010 3776 diligentia.
1026 3691 1065 3748 Et
1086 3691 1208 3751 beneh'e
1223 3693 1369 3752 hauendo
1388 3703 1499 3768 questo
1520 3715 1616 3771 nego-

379 3800 424 3858 tio
439 3816 625 3858 commesoa
640 3797 678 3857 V.
693 3797 767 3856 Sria.
784 3798 812 3856 la
829 3797 924 3856 Ex.¹¹²
935 3815 1068 3868 sunnon
1083 3800 1252 3858 accederea
1271 3800 1358 3871 altro,
1372 3819 1460 3878 puro,
1474 3821 1531 3876 per
1543 3811 1617 3861 trat-

379 3916 460 3964 tarse
475 3923 564 3964 cosse
578 3906 618 3962 de
633 3904 779 3964 benefitio
795 3903 825 3962 d'
841 3911 951 3979 questa
968 3906 1050 3976 citra,
1065 3924 1127 3964 non
1142 3909 1294 3965 restitimo
1305 3911 1425 3985 pregar'
1442 3927 1461 3967 a
1476 3908 1515 3966 V.
1530 3907 1617 3980 Sria.‚

433 4080 446 4106 ι
465 4068 522 4118 ode
537 4081 606 4132 ms.,·
617 4067 646 4118 et
658 4062 757 4118 simili
770 4063 859 4118 modo
869 4063 925 4127 bis,
939 4061 1039 4130 infra,
1052 4064 1104 4119 ubi
1115 4067 1249 4121 occurrii
1261 4067 1386 4122 verbum
1399 4067 1484 4138 ogni.

435 4208 446 4240 ⁵
483 4206 529 4259 De
542 4205 588 4260 his
602 4203 785 4277 principibus
796 4203 964 4278 purpuratis
977 4222 1068 4278 saepe
1081 4205 1221 4264 diximus.

436 4383 443 4416 ¹
483 4384 527 4437 Ex
538 4383 686 4454 originali,
700 4382 730 4438 in
742 4381 845 4438 codice
870 4381 968 4454 Epist.
991 4385 1180 4448 communit„
1202 4385 1314 4458 duplici
1334 4386 1416 4451 folio.
1431 4406 1463 4444 n.
1487 4388 1515 4461 6,
1536 4387 1617 4462 prius

377 4484 444 4541 447.
456 4471 502 4528 Ne
515 4471 747 4544 multiplicentur
764 4471 983 4538 annotationes,
1008 4473 1135 4530 sufficiat
1148 4477 1241 4532 semel
1263 4476 1510 4536 animadvertisse
1528 4479 1617 4554 pluri·

379 4578 427 4616 rna
437 4561 467 4618 in
477 4563 532 4618 hoc
547 4571 736 4617 monumento
750 4559 878 4618 inveniri
893 4563 994 4629 verba,
1009 4579 1086 4636 quae
1100 4567 1147 4622 vel
1161 4565 1261 4624 italica
1275 4585 1334 4624 non
1346 4579 1427 4636 sunt,
1447 4571 1496 4626 vel
1510 4571 1615 4628 saltem

382 4667 535 4722 perperam
550 4651 659 4723 scripta
672 4665 739 4706 esse
753 4647 901 4708 videntur.
