3625 5375
603 412 864 489 Errsr..539.-14
883 418 1037 488 liaustu
1056 428 1125 485 1549
1387 414 1441 472 303

313 567 452 636 Alteras
467 567 584 654 accepi
600 577 682 634 tuae
695 568 920 653 excellentiae
934 569 1077 656 litteras,
1099 565 1152 651 3.⁸
1173 569 1375 636 Decembris
1394 570 1477 637 scri·

237 693 334 768 ptas,
352 681 479 767 quibus
495 682 587 768 piam
600 683 816 758 subditorum
829 705 960 765 curam,
979 694 1014 750 et
1029 683 1066 750 in
1081 682 1136 762 iis,
1157 704 1249 770 quae
1264 684 1308 750 ad
1325 684 1477 774 relligio·

238 797 324 864 irem
336 796 373 862 in
386 797 435 863 eis
448 798 630 868 fouendam
644 797 827 884 pertinent,
837 799 973 868 fidelem
986 798 1252 869 sollicitudinem
1265 798 1475 886 intelligenS,

239 933 317 979 mon
332 913 443 1013 solum
462 927 554 1003 opto,
572 914 633 980 sed
649 923 685 982 et
700 934 813 1002 spere,
831 925 900 982 tam
912 911 1098 981 christiane
1115 914 1242 987 mentis
1255 926 1292 982 et
1308 916 1477 983 bonorum

240 1028 490 1095 desideriorum
519 1039 708 1109 auctorem,
732 1031 857 1110 Deum,
881 1029 1021 1098 minime
1040 1027 1107 1095 illis
1128 1049 1206 1109 esse
1227 1029 1425 1097 defuturum
1448 1034 1474 1098 ¹.

242 1143 345 1212 Licet
360 1145 449 1212 enim
467 1145 535 1214 rari
549 1146 618 1212 sint
639 1147 742 1233 (quod
762 1146 892 1214 vtinam
912 1168 981 1214 non
1004 1145 1102 1214 fateri
1118 1166 1259 1215 necesse
1284 1149 1399 1234 esset),
1418 1149 1476 1234 qui

243 1261 365 1327 fideles
381 1260 481 1328 simul
497 1274 531 1328 et
552 1263 739 1348 prudentes
766 1261 905 1330 Domini
925 1283 1046 1330 seruos
1067 1260 1102 1326 in
1125 1259 1242 1327 ouium
1271 1261 1379 1347 ipsius
1394 1284 1478 1331 cura

245 1377 383 1462 agenda
397 1398 434 1443 se
452 1387 616 1462 prestent,
635 1377 690 1443 vel
705 1377 750 1444 de
765 1373 958 1457 rarissimis,
979 1389 1046 1444 tam
1063 1397 1161 1443 rarae
1177 1374 1398 1446 sollicitudini
1414 1380 1477 1446 ali-

245 1513 349 1576 quem
365 1479 571 1560 Deum'esse
586 1506 830 1560 concessurum
848 1493 996 1572 confido,
1016 1491 1097 1572 imo,
1115 1489 1180 1558 nisi
1202 1471 1268 1558 iam
1289 1495 1476 1562 concessis·

246 1619 313 1688 set,
332 1607 485 1713 mirarer.

313 1725 367 1792 De
384 1725 484 1792 Mtro.
502 1723 656 1804 Nicolao,
674 1745 753 1790 cum
770 1723 896 1790 adhoc
918 1721 962 1790 sit
979 1724 1157 1805 acersitus,
1176 1736 1214 1790 vt
1229 1745 1291 1810 per
1307 1725 1477 1813 probatio-

245 1861 308 1905 nes
324 1841 422 1926 (quae
446 1838 584 1906 minime
602 1841 725 1908 breues
745 1851 826 1908 sunt
853 1839 949 1906 iuxta
970 1851 1107 1908 nostrae
1129 1837 1317 1926 relligionis
1339 1839 1477 1908 institu-

247 1957 331 2040 tum)
347 1965 382 2023 et
398 1954 497 2022 nobis
513 1955 622 2042 magis
639 1955 801 2042 cognitus
821 1968 925 2035 esset,
942 1967 978 2024 et
998 1954 1033 2022 in
1050 1954 1172 2042 spiritu
1193 1953 1266 2042 ipse
1287 1978 1351 2027 suo
1368 1957 1479 2043 magis

246 2071 438 2156 proficeret,
457 2082 640 2160 antequam
662 2091 723 2137 eae
744 2071 969 2138 absoluantur
994 2082 1030 2142 et
1057 2070 1302 2158 professionem
1330 2073 1475 2153 emittat,

245 2207 416 2274 quoquam
433 2184 520 2254 mitti
539 2207 612 2252 non
628 2169 734 2254 flerret
754 2185 841 2252 ratio
862 2205 927 2253 nec
947 2185 1093 2272 equitas,
1117 2185 1176 2252 cui
1196 2196 1255 2252 tua
1269 2187 1477 2276 excellentia

245 2299 421 2368 aduersari
434 2299 574 2368 minime
587 2301 680 2366 volet
693 2301 717 2368 ³.
737 2286 742 2295 ⁹

313 2417 382 2484 Sed
399 2417 490 2500 quod
507 2417 549 2482 ad
567 2437 623 2485 me
638 2415 772 2496 attinet,
796 2414 894 2484 nouit
914 2415 982 2493 ille,
1006 2415 1062 2482 cui
1083 2416 1210 2497 omnia,
1233 2417 1335 2486 etiam
1359 2416 1478 2484 intima

244 2531 411 2616 cordium,
430 2545 510 2598 nota
527 2543 620 2612 sunt,
640 2551 728 2616 quae
744 2531 829 2600 mihi
845 2529 1015 2600 desideria
1028 2531 1149 2598 salutis
1162 2543 1198 2599 et
1211 2534 1386 2618 profectus
1399 2533 1477 2598 ani-

245 2669 375 2715 marum
393 2649 467 2736 ipse
478 2647 621 2731 dederit,
641 2669 814 2735 quamque
829 2667 1002 2735 propenso
1019 2647 1056 2713 in
1077 2657 1184 2715 totam
1204 2647 1427 2719 Germaniam
1440 2660 1474 2717 et

245 2764 449 2846 Flandriam,
468 2776 502 2833 et
518 2765 721 2831 nominatim
742 2764 777 2831 in
800 2766 988 2851 bergenses
1008 2775 1043 2831 et
1064 2762 1148 2831 alios
1168 2764 1211 2830 T..
1235 2764 1274 2831 E.
1299 2764 1473 2846 subditos,

245 2882 369 2971 affectu
384 2880 461 2961 sim,
481 2892 529 2960 vt,
560 2902 637 2947 curn
667 2880 811 2967 primum
829 2878 901 2967 ipse
929 2879 1144 2955 occasionem
1165 2878 1297 2949 dederit
1318 2891 1353 2948 et
1369 2879 1473 2959 vireS,

244 3017 358 3083 opere,
377 2998 469 3083 quod
494 2997 530 3063 in
558 3018 613 3066 me
641 2996 717 3077 erit,
736 3007 897 3081 prestem.
929 2995 1068 3063 lnterim
1088 2994 1153 3063 erit
1168 2995 1305 3081 pietatis
1320 2996 1361 3074 T,
1383 2996 1422 3061 E.
1441 3006 1477 3061 et

244 3112 443 3205 chari[ta]tis
459 3114 610 3192 credere,
625 3114 717 3197 quod
732 3108 826 3191 inihi,
840 3110 875 3178 id
888 3131 1100 3197 magnopere
1112 3112 1256 3197 optanti,
1271 3110 1365 3178 dabit
1378 3113 1475 3179 Deus

245 3229 436 3317 intelligere
452 3229 534 3315 quid
550 3241 584 3297 et
601 3229 739 3315 quando
756 3226 867 3315 magis
884 3227 946 3315 ipsi
963 3226 1207 3306 honorificum,
1225 3238 1260 3294 et
1276 3239 1426 3314 gratum,
1442 3240 1477 3296 et

241 3346 288 3411 ‘ad
314 3366 495 3411 commune
522 3344 651 3410 bonum
675 3329 785 3430 magis
802 3343 884 3411 vtile
897 3344 988 3408 circa
1009 3362 1140 3422 eorum,
1162 3341 1221 3428 qui
1237 3354 1353 3409 nostre
1372 3363 1476 3409 curae
1516 3370 1520 3376 ¹

244 3460 379 3527 comissi
396 3471 490 3541 sunt,
506 3460 728 3528 directionem
745 3458 788 3524 sit
805 3457 972 3537 futurum,
987 3468 1022 3523 et
1035 3456 1127 3542 quod
1144 3480 1206 3543 pro
1222 3457 1311 3523 virili
1327 3469 1425 3543 parte
1439 3459 1474 3525 id

243 3576 366 3663 exequi
394 3576 457 3643 sim
485 3587 679 3643 curaturus
712 3574 816 3661 Quod
843 3574 956 3663 ipsum
978 3570 1331 3661 minimedisplicebir
1358 3574 1400 3640 T.
1431 3576 1473 3641 E.

243 3692 309 3780 (eui
325 3692 510 3759 iustissima
526 3712 684 3778 quaeque
696 3703 730 3757 et
742 3690 1027 3777 Deovgratissima
1043 3688 1209 3775 placitura
1226 3692 1333 3775 puto),
1348 3688 1405 3755 cui
1420 3712 1475 3757 sa·

242 3808 348 3877 lutem
364 3818 515 3875 nostram
534 3798 654 3896 Jesum
674 3809 759 3876 ΧΨ
780 3819 814 3875 et
830 3826 951 3873 verum
979 3804 1075 3870 illum
1091 3805 1343 3871 consolatorem
1360 3816 1395 3873 et
1411 3805 1473 3870 do-

244 3936 372 3994 ctorem
390 3922 555 4011 Spiritum
577 3934 735 3991 sanctum
764 3942 843 3988 cum
871 3919 1025 3996 omniurn
1045 3918 1271 4008 spiritualium
1299 3922 1474 3989 donorum

245 4040 518 4113 comunicatione
536 4041 656 4110 adesse
671 4038 706 4105 in
724 4037 884 4105 omnibus
898 4058 1021 4123 precor
1038 4038 1062 4102 ⁸.

297 4286 308 4317 ²
346 4281 485 4351 Litteras,
504 4281 612 4355 quibus
634 4280 746 4351 Jacoba
764 4278 801 4335 de
824 4278 919 4353 Croy,
938 4276 1148 4335 marchionissa
1167 4277 1336 4348 bergensis,
1353 4279 1479 4349 rogabat

242 4371 389 4443 Ignatium
404 4378 436 4424 ut
449 4370 485 4425 ad
498 4368 677 4427 excolendos
701 4368 759 4423 sibi
773 4366 909 4422 subditos
931 4368 1050 4422 Patrem
1073 4365 1227 4421 Nicolaum
1251 4364 1426 4421 Gaudanum
1440 4384 1477 4421 ex

242 4461 324 4517 Urbe
337 4459 511 4529 remitteret,
528 4455 599 4513 alibi
612 4454 771 4515 edidimus.
786 4455 884 4528 Epist.
901 4454 1026 4520 Mixtae,
1042 4455 1080 4523 V,
1093 4452 1157 4523 675.

296 4550 307 4583 ³
344 4549 528 4619 PoanCUS,
546 4545 669 4613 Chron„
686 4546 708 4617 l,
724 4559 776 4614 294
790 4554 821 4599 et
836 4560 897 4616 295.

295 4641 308 4673 ⁴
343 4636 391 4693 Cf.
405 4637 505 4711 Epist.
521 4636 646 4699 Mixtne,
662 4636 700 4705 ll,
717 4634 780 4703 416.
