3625 5375
528 390 632 446 Esisu.
652 364 928 460 443.‘-1uci1usio
946 404 1035 447 suso
1057 392 1126 461 1548
1259 453 1263 460 .
1352 406 1402 448 211

394 658 397 663 Δ
781 546 863 669 4413

454 685 832 754 ELEONORAE
862 688 938 753 DE
969 688 1202 760 OSORIO

576 832 664 875 sous
679 831 852 875 iuciiuno
865 830 954 875 suso
969 820 1038 889 1548
1053 822 1072 875 ¹.

210 945 367 999 Promittit
377 950 436 1017 pro
444 944 543 1017 firma
556 946 651 1017 ipsius
665 944 833 1001 Eleonorae
845 963 882 999 ac
887 946 1024 1015 joannis
1043 946 1140 1019 Vagae
1150 946 1326 1003 valetudine
1338 946 1440 1003 Deum

259 1050 288 1088 se
308 1033 554 1105 deprecaturum.
570 1030 673 1089 -Cum
696 1034 833 1107 Sulcedo‚
848 1038 942 1109 prout
963 1034 1117 1090 Eleonota
1135 1034 1329 1109 injunxerat,
1346 1036 1442 1111 egisse
1502 1034 1505 1038 ’

260 1124 346 1178 dicit.

271 1242 378 1307 Dosia
391 1242 537 1307 Leonor.

274 1356 344 1423 Por
359 1357 391 1421 la
407 1358 492 1423 tetra
509 1357 553 1424 de
569 1356 613 1423 V.
632 1358 720 1425 SrIa.
747 1357 790 1423 de
812 1358 863 1423 los
883 1356 904 1421 6
928 1356 972 1421 de
988 1358 1124 1443 Agosto
1144 1356 1377 1425 entendiendo
1395 1361 1439 1425 de

207 1472 354 1558 algunas
378 1452 665 1557 indispusiyiones
685 1474 741 1540 del
769 1472 824 1541 Sr.
850 1473 939 1560 Josn
967 1474 1010 1539 de
1037 1474 1137 1559 vega
1163 1472 1381 1559 yasimismo
1396 1475 1439 1541 de

209 1588 252 1655 V.
270 1590 373 1669 Stis,
392 1608 437 1653 no
453 1591 497 1655 he
510 1586 636 1673 podido
648 1608 715 1671 que
731 1588 901 1667 sentirlaS,
917 1589 1043 1654 mucho
1059 1594 1133 1654 mas
1148 1610 1219 1673 que
1232 1609 1277 1654 en
1294 1594 1340 1655 mi
1357 1589 1433 1656 mis·

209 1725 276 1783 mu,
294 1726 338 1769 en
354 1705 386 1771 el
403 1704 514 1772 Senor
530 1714 687 1785 nuestr03
705 1705 854 1789 despuis
870 1726 932 1790 por
944 1705 1049 1772 letias
1064 1705 1107 1771 de
1120 1707 1221 1771 Mtre.
1237 1704 1440 1771 Hieronimo

210 1840 263 1885 me
279 1822 324 1887 he
339 1818 532 1904 asegurado
548 1840 610 1904 por
626 1820 658 1884 la
674 1819 781 1903 mejor
797 1818 1008 1904 dispusicittn
1029 1820 1073 1887 de
1095 1821 1172 1886 VV.
1195 1821 1260 1889 SS.
1284 1822 1393 1906 Plega
1418 1825 1439 1886 έι

210 1936 242 1999 la
261 1932 476 2001 sanctissima
498 1933 661 2001 Trinidad
682 1956 741 2001 sea
761 1956 804 2001 en
826 1946 989 2001 aumento
1010 1957 1072 2021 por
1096 1956 1178 2020 muy
1199 1936 1317 2023 largos
1339 1935 1436 2013 tiem-

210 2072 281 2135 ρος,
300 2072 382 2137 para
398 2072 517 2135 mayor
533 2052 697 2135 alabanua
718 2072 740 2135 y
761 2048 869 2137 gloria
898 2050 1027 2131 diuina,
1046 2074 1068 2136 y
1089 2050 1170 2117 bien
1196 2051 1370 2117 vniuersal
1396 2053 1438 2118 de

210 2167 257 2233 las
273 2165 407 2231 finimas
429 2164 620 2233 redemidas
642 2187 707 2232 con
727 2166 760 2232 la
781 2187 823 2231 su
851 2166 1103 2263 preciosissima
1127 2188 1265 2253 sangre.
1293 2168 1439 2236 Delante

202 2282 261 2347 del
277 2302 319 2347 su
335 2280 454 2347 diuino
471 2280 710 2367 acutamientO,
733 2302 833 2347 como
853 2282 897 2348 V.
923 2282 1011 2349 Sria.
1036 2302 1092 2348 me
1108 2281 1245 2361 manda,
1264 2302 1309 2348 no
1325 2284 1440 2368 puedo

209 2397 393 2463 olvidarme
410 2419 453 2464 en
469 2397 521 2463 las
537 2396 600 2463 mis
617 2397 741 2482 pobres
756 2416 779 2481 y
795 2394 978 2463 continuas
993 2395 1171 2481 oraciones
1192 2400 1235 2466 de
1257 2409 1354 2465 tener
1370 2397 1439 2463 fre·

206 2522 333 2597 qiiente
350 2510 512 2579 memoria
528 2512 570 2580 de
592 2513 671 2582 VV.
689 2512 776 2592 SS..
794 2513 950 2599 rogando
966 2518 986 2577 a
1006 2513 1039 2577 la
1058 2533 1100 2579 su
1121 2512 1238 2579 diuina
1260 2514 1439 2599 magestad

206 2640 336 2712 quanto
352 2650 389 2696 se
405 2650 461 2696 me
476 2626 626 2698 ofreceu
649 2648 766 2715 mayor
787 2628 897 2715 gloria
917 2649 1016 2714 suya,
1034 2650 1057 2714 y
1084 2634 1104 2695 ά
1130 2630 1165 2694 lo
1191 2650 1259 2714 que
1279 2630 1324 2696 V.
1347 2630 1435 2697 Stia.

207 2751 279 2810 mus
295 2745 399 2812 desea
415 2767 459 2812 en
475 2767 517 2810 su
534 2765 652 2829 mayor
667 2745 812 2812 seruicio
829 2745 1037 2830 yalabanca.

218 2869 219 2872 ’
273 2861 420 2928 Salzedo
432 2859 630 2927 recibiendo
645 2861 697 2927 los
713 2859 851 2927 dineros
867 2883 889 2947 y
905 2862 1138 2929 mostrindoie
1153 2862 1184 2928 el
1205 2861 1356 2947 capitulo
1372 2883 1439 2946 que

207 2979 249 3043 V.
270 2979 355 3045 Sria.
374 2999 429 3042 me
445 2977 578 3044 escribe
594 2979 695 3046 sobre
711 2979 755 3058 til,
773 3001 811 3044 es
831 2983 852 3044 tt
872 2999 984 3060 saver,
1002 3001 1071 3065 que
1090 3000 1136 3065 yo
1156 2979 1189 3046 le
1204 2978 1319 3064 puedo
1345 2977 1439 3046 dezir

204 3113 273 3176 que
289 3114 328 3160 se
344 3113 431 3178 vaya
447 3100 466 3157 a
484 3093 613 3160 Cecilia
627 3081 763 3160 cuundo
776 3094 936 3179 quisiere,
951 3117 988 3160 se
1004 3095 1123 3180 alegru
1143 3096 1269 3159 mucho
1285 3115 1308 3178 y
1323 3113 1361 3159 se
1376 3094 1438 3160 de·

201 3207 350 3276 terminu
366 3209 472 3296 luego
489 3231 571 3295 para
587 3231 626 3296 yr
644 3210 721 3288 alls,
739 3232 762 3294 y
778 3213 827 3275 asi
852 3210 1001 3296 despue's
1022 3232 1077 3276 me
1104 3211 1138 3276 lo
1157 3211 1228 3276 han
1252 3208 1391 3275 inbiado
1418 3214 1439 3273 ά

200 3321 307 3403 dezir,
323 3345 393 3410 que
411 3325 556 3410 pasadas
577 3325 629 3390 las
648 3323 814 3410 primeras
837 3347 947 3412 aguas
967 3347 1004 3391 se
1025 3324 1153 3411 partiri
1180 3325 1299 3411 luego,
1324 3347 1346 3411 y
1370 3343 1439 3408 que

198 3450 275 3505 esto
291 3441 406 3525 puedo
423 3439 564 3508 escribir
580 3445 600 3506 ά
617 3441 660 3505 V.
676 3441 764 3507 Sria.

256 3634 264 3666 ¹
305 3635 350 3688 Ex
364 3633 542 3689 adversariis
553 3634 745 3708 autographis
758 3636 788 3690 S.
804 3636 925 3706 Ignatii,
942 3637 980 3691 ab
998 3635 1102 3692 eodem
1120 3635 1207 3691 valde
1230 3633 1394 3709 castigatis,
1407 3633 1438 3688 in

201 3723 276 3779 (ἶσα.
291 3723 379 3778 Rom.
394 3725 420 3789 1,
435 3741 464 3778 n.
477 3721 595 3795 LXXV,
611 3725 698 3780 unico
710 3725 789 3796 folio,
805 3726 835 3780 in
849 3743 908 3798 quo
922 3733 1020 3780 exstat
1033 3725 1123 3781 etiam
1136 3742 1166 3780 n.
1181 3721 1433 3782 Lxxv1.-car-

199 3819 260 3878 tas,·
274 3829 304 3867 n.
320 3812 483 3873 CXXXHI.
641 3831 643 3834 ·

254 3901 388 3958 Definire
402 3919 460 3960 non
475 3920 632 3976 possumus
645 3921 704 3977 quo
717 3911 850 3976 tempore
869 3905 943 3960 haec
956 3903 1083 3976 epistola
1100 3901 1170 3959 dats
1186 3901 1286 3958 fuerit.
1300 3899 1438 3958 Fiditores

200 3991 391 4048 matritenses
412 3991 551 4063 (Curias,
566 3995 605 4061 11,
619 3999 666 4063 75)
684 3993 892 4049 existimarunt
908 4011 974 4049 eam
992 3993 1132 4065 scriptam
1149 3991 1243 4048 tuisse
1260 4008 1337 4046 anno
1357 4003 1437 4060 1547,

200 4081 373 4154 Septembri
386 4091 437 4137 aut
450 4081 574 4140 Octobri
588 4099 699 4154 mense,
715 4091 871 4154 propterea
884 4082 963 4156 quod
981 4082 1092 4137 mentio
1115 4081 1144 4137 in
1158 4097 1193 4136 ea
1211 4080 1246 4135 fit
1267 4080 1305 4136 de
1323 4081 1436 4150 morbo,

200 4171 230 4227 in
243 4188 334 4244 quem
354 4171 497 4227 Eleonora
508 4183 539 4228 et
552 4173 682 4244 Joannes
696 4173 779 4243 Vega
791 4171 967 4240 inciderant;
981 4170 1122 4228 incidisse
1134 4180 1233 4227 autem
1248 4169 1315 4225 illos
1327 4169 1438 4225 scimus

200 4278 278 4318 anno
295 4273 373 4330 1547.
386 4261 430 4316 Ex
443 4261 501 4316 alia
515 4277 585 4317 vero
598 4262 721 4334 partein
734 4261 839 4316 eadem
852 4261 980 4334 epistola
992 4262 1090 4334 agitur
1101 4259 1140 4315 de
1153 4259 1281 4333 quodam
1300 4258 1436 4330 salcedo,

199 4349 286 4422 cujus
304 4349 456 4420 negotium
477 4350 663 4407 tractandum
675 4349 791 4426 Ignatio
809 4352 954 4406 Eleouora
973 4349 1172 4405 commiserat.
1189 4347 1251 4403 Sed
1268 4348 1306 4403 de
1318 4349 1374 4404 hoc
1386 4347 1439 4402 ho·

201 4438 279 4493 mine
294 4445 325 4492 et
340 4440 460 4508 negotio
473 4438 514 4493 ita
529 4439 558 4494 in
572 4438 697 4510 epistola
712 4455 765 4493 sua
778 4454 796 4509 9
809 4438 880 4511 Julii
895 4437 963 4507 1548
976 4438 1090 4508 (Epist.
1106 4435 1231 4504 Mixtae,
1244 4437 1282 4507 V,
1294 4435 1361 4504 658)
1375 4435 1437 4506 ipsa

201 4525 348 4582 Eleouora
361 4526 435 4597 agit,
448 4535 482 4582 ut
495 4526 532 4582 ad
545 4525 623 4582 idem
637 4525 730 4582 ferme
744 4537 860 4599 tempus
873 4535 926 4580 aut
938 4535 1020 4581 certe
1037 4543 1147 4581 annum
1168 4525 1272 4582 referri
1289 4525 1437 4580 videatur.

202 4615 303 4685 Brevi,
317 4613 425 4670 desunt
438 4624 621 4686 argumenta,
633 4613 741 4688 quibus
754 4615 845 4670 fixum
860 4614 971 4687 aliquid
980 4631 1014 4669 ac
1024 4612 1178 4670 definitum
1191 4621 1348 4670 statuatur.
