3625 5375
558 427 662 485 Erret.
681 422 985 496 441.-28Aucusrr
1006 424 1075 497 1548
1343 441 1396 498 209

265 581 319 648 De
346 578 596 667 Christophoro
623 580 635 612 ⁴
662 589 789 658 vestro,
820 577 1043 665 quid·actum
1065 577 1123 659 sit,
1150 578 1335 662 nescimus
1366 601 1431 650 nec
1475 617 1483 637 ·

198 693 288 762 enim
303 692 503 783 responderi
519 692 627 761 literis
642 694 687 761 ad
702 712 781 763 eum
795 692 1003 763 transmissis
1015 715 1036 760 a
1047 695 1092 761 D.
1107 693 1249 761 Canisio
1257 693 1429 764 uidemus.

198 809 236 879 Si
251 808 333 896 quid
350 810 449 877 vobis
464 810 530 879 erit
545 820 772 897 compertum,
789 830 856 877 nos
871 807 1113 879 admonebitis.

263 927 318 994 De
333 924 499 993 iratribus
516 924 560 992 ad
580 946 645 993 nos
664 914 867 1005 accessuris,
891 922 1076 994 verisimile
1098 934 1152 994 est
1172 925 1264 1011 quod
1288 924 1430 994 veliam

196 1052 296 1109 erunt
314 1040 350 1107 in
365 1041 433 1121 via,
450 1040 507 1110 vel
522 1040 558 1107 in
574 1039 767 1127 procinctu,
786 1038 867 1109 licet
882 1025 948 1108 nec
964 1039 1087 1107 vestris
1103 1060 1168 1107 nec
1180 1038 1431 1107 coloniensium

199 1156 341 1223 fratrum
357 1154 480 1223 litteris
496 1155 580 1241 quid
595 1154 602 1195 ²
618 1168 671 1225 est
686 1154 932 1243 significatum.

263 1272 434 1339 Dominus
451 1271 626 1339 Antonius
643 1274 668 1352 ³,
691 1283 725 1338 et
747 1273 842 1361 Mag.
866 1270 1027 1340 Andreas
1046 1274 1072 1348 ⁰,
1095 1282 1131 1337 et
1145 1272 1248 1359 Mag.
1276 1273 1400 1340 Petrus
1419 1275 1430 1305 ¹
1449 1335 1456 1347 ,

196 1409 258 1455 vos
273 1388 310 1454 in
331 1387 481 1455 Domino
499 1386 683 1475 plurimum
699 1389 862 1471 salutant,
885 1384 1055 1472 simulque
1071 1386 1194 1455 fratres
1213 1385 1431 1455 colonienses

195 1504 251 1591 (ad
266 1524 354 1589 quos
369 1506 473 1574 hasce
488 1502 604 1571 literas
621 1504 675 1571 vel
692 1524 809 1572 earum
825 1503 1020 1589 exemplum
1037 1502 1203 1589 mittetis).

261 1622 316 1689 De
333 1618 503 1688 Henrrico
519 1621 545 1700 ⁸,
563 1619 647 1705 quid
662 1630 777 1687 actum
793 1618 850 1701 sit,
870 1620 957 1687 sorte
973 1616 1039 1705 ipsi
1058 1618 1170 1706 magis
1190 1618 1426 1705 explicabunt3

193 1736 262 1803 hoc
284 1746 418 1801 tantum
439 1735 564 1803 dicam:
588 1737 680 1823 quod
702 1732 892 1803 tentationi
907 1733 1046 1814 cedens
1071 1732 1172 1801 cumj
1189 1734 1294 1801 semel
1314 1744 1349 1801 et
1364 1733 1429 1803 ite-

194 1870 286 1931 rum,
312 1852 473 1921 recedere
497 1851 628 1931 volens,
653 1861 835 1921 revocatus
857 1849 992 1931 fuisset,
1017 1848 1118 1919 ter'tio
1140 1850 1279 1917 demum
1299 1847 1350 1917 sic
1372 1870 1427 1915 re-

192 1965 311 2047 cessit,
336 1977 374 2031 vt
396 1964 480 2051 quid
503 1962 570 2056 [de]
595 1988 636 2035 eo
664 1966 679 2007 ¹*
702 1966 746 2035 sit
770 1977 884 2033 actum
909 1964 1116 2035 nesciamus.
1141 1964 1345 2032 Misereatur
1363 1964 1428 2053 ipsi
1520 2031 1544 2072 ·.

193 2080 378 2149 Dominus

198 2290 200 2293 Ι
260 2199 334 2265 Vos
353 2209 481 2281 autem,
504 2196 695 2266 charissimi
715 2198 854 2278 fratreS,
878 2196 1092 2265 orationibus
1112 2219 1191 2264 eum
1212 2197 1342 2279 iuuate3
1367 2198 1429 2266 sed

192 2326 308 2381 vestro
324 2312 359 2379 in
375 2334 519 2382 numero
536 2312 637 2401 (idem
654 2312 850 2400 intelligant
865 2311 931 2379 sibi
944 2311 1108 2398 scriptum
1122 2314 1244 2379 fratres
1256 2311 1428 2379 colonien·

190 2428 258 2515 ses')
287 2449 332 2495 ne
359 2428 531 2515 recipiatis
558 2450 667 2515 vsque
694 2430 776 2495 dum
804 2426 932 2495 Rdum.
963 2429 1100 2494 Patrem
1127 2427 1163 2493 in
1190 2426 1256 2493 X.⁰
1283 2430 1424 2495 Mtrum.

192 2544 237 2610 D.
257 2543 429 2631 ignatium
446 2543 705 2613 admonueritis.

260 2658 426 2728 Omnium
447 2671 600 2728 vestrum
621 2658 834 2729 orationibus
855 2680 919 2728 nos
939 2658 1089 2728 Domino
1115 2656 1348 2728 commendari
1368 2680 1427 2727 ex-

189 2775 354 2862 petimus,
372 2797 474 2861 quem
492 2787 526 2846 et
543 2797 606 2844 nos
627 2797 819 2863 precamur,
841 2787 879 2843 vt
899 2775 1060 2843 omnibus
1083 2774 1182 2842 nobis
1203 2773 1349 2862 gratiam
1365 2795 1425 2840 co-

189 2890 384 2978 gnoscendi
411 2904 445 2960 et
473 2891 666 2980 exequendi
698 2894 885 2978 perfectam
913 2890 1021 2977 ipsius
1047 2891 1260 2959 voluntatem
1292 2909 1426 2975 semper

188 3008 373 3074 concedat.
925 3068 933 3084 ,

259 3123 388 3192 Romae
406 3123 458 3208 5.⁰
475 3124 538 3190 eal.
554 3123 768 3210 Septembris
788 3123 884 3206 1548.
954 3157 962 3174 ·

259 3239 324 3324 [De
339 3238 501 3306 mandato
519 3237 631 3305 Patris
647 3237 683 3304 in
699 3237 764 3305 X.⁰
781 3235 889 3306 nostri
905 3236 1034 3304 domini
1051 3235 1189 3324 Ignatii.

257 3355 389 3420 Seruus
405 3353 440 3419 in
458 3353 597 3422 Christo
612 3364 740 3435 vester,

786 3471 953 3558 Jonuurss
971 3489 1018 3538 os
1036 3467 1222 3556 Ponnuco]
1238 3465 1247 3508 ¹

254 3585 448 3670 Inscriptio.
498 3583 634 3670 Scripta
649 3584 692 3651 ad
710 3585 817 3652 Loua.
837 3585 880 3651 de
898 3596 1007 3652 morte
1019 3586 1064 3651 D.
1078 3583 1199 3672 Jacobi
1215 3595 1249 3648 ¹³.

240 3781 247 3821 t
285 3777 336 3852 qd.
350 3777 592 3852 ms.;quidqfflm
606 3779 696 3836 alter.
735 3780 778 3830 -i
798 3795 857 3836 nou
874 3780 965 3839 alter.
1003 3783 1054 3823 -k
1072 3777 1194 3852 quidde
1207 3795 1244 3833 eo
1257 3779 1350 3834 alter.
1387 3808 1423 3821 -

185 3869 194 3910 ¹
215 3867 301 3937 Quae
318 3867 439 3923 uncinis
457 3868 658 3942 clauduntur,
675 3887 711 3924 ex
728 3869 826 3925 altero
844 3869 981 3938 exemplo
998 3868 1235 3940 desumpsimus.
1273 3883 1330 3910 ..m
1348 3867 1423 3923 Alio

187 3973 299 4012 monus
309 3961 474 4030 perperam
488 3957 627 4014 addidit:
640 3956 677 4014 de
691 3957 798 4030 Eguia.

240 4113 253 4144 ⁴
291 4109 343 4165 Est
353 4108 581 4182 Christopho'rus
592 4110 838 4166 Buscoducensis.
849 4111 935 4182 Quae
944 4110 993 4166 hic
1003 4110 1142 4179 leguntur
1151 4108 1189 4163 de
1200 4107 1331 4175 Canisio,
1342 4107 1422 4164 adhi-

187 4197 534 4269 burburenensem,
548 4199 640 4254 Beati
653 4200 741 4256 Petri
760 4198 915 4260 Conisii..
929 4198 1090 4273 Epistulae
1103 4202 1133 4254 ei
1144 4203 1224 4262 octo,
1239 4197 1261 4269 1,
1275 4197 1338 4252 281.

241 4289 252 4322 ³
290 4287 439 4343 Antonius
452 4287 610 4346 Vinckius.

241 4379 253 4412 ⁸
290 4376 426 4434 Andreas
436 4376 588 4446 Siderous,
596 4379 756 4436 canonicus
769 4378 1004 4453 zutphaniensis,
1014 4376 1188 4434 candidatus
1198 4375 1230 4433 S.
1245 4379 1273 4448 J.
1289 4377 1317 4432 in
1329 4379 1422 4434 Urbe.

240 4469 251 4500 ²
289 4465 396 4522 Petrus
409 4465 610 4540 Schorichius‚
624 4469 697 4524 elias
710 4469 812 4525 Boius.
891 4535 895 4540 ¹

239 4557 251 4588 ⁸
288 4555 335 4608 De
349 4554 479 4611 Henrico
492 4556 630 4612 Baccelio
644 4557 779 4613 videatur
792 4559 1062 4628 &nonsummum
1079 4556 1136 4611 loc.
1150 4553 1219 4626 cit.,
1234 4571 1301 4627 pag.
1316 4567 1379 4624 277,
1393 4564 1424 4608 et

190 4659 280 4718 saepe
293 4643 367 4700 alias
381 4643 411 4701 in
424 4644 529 4701 eodem
547 4647 711 4704 volumine.

321 4741 428 4788 Monun-
445 4741 662 4798 lanan-Bersn,
675 4755 736 4792 rou.
753 4743 790 4791 11.
1266 4743 1291 4786 ¹⁴
