3625 5375
601 464 706 521 Ertsr.
725 461 863 535 pao-23
881 462 1045 523 Ocrosars
1067 477 1136 535 1549

827 645 904 726 tto

537 778 679 845 PATRI
701 778 729 847 F
731 778 967 847 RANCISCO
991 779 1204 848 XAVERIO

647 923 735 968 noun
755 909 791 967 23
808 924 967 968 ocroams
988 924 1057 982 1549
1073 915 1092 968 ¹.

248 1026 387 1113 ¹Litterae
397 1030 544 1099 patentes,
561 1028 666 1103 quibus
684 1028 826 1102 Ignatius
843 1044 911 1084 cum
928 1027 1064 1083 Xaverio
1074 1030 1199 1101 gratias
1215 1046 1252 1084 ac
1263 1028 1443 1101 facultates,
1465 1048 1486 1084 a

529 1116 673 1189 pontifice
684 1115 821 1173 maximo
834 1120 980 1187 acceptas,
994 1118 1207 1174 communicat.

856 1232 873 1286 Τ
1323 1271 1328 1304 t

828 1290 905 1376 Jhs.

324 1430 480 1519 Ignatius
507 1432 550 1496 de
572 1430 717 1516 Loyola,
741 1429 925 1499 Societatis
943 1431 1027 1517 jesu
1054 1416 1248 1516 prepositus
1271 1429 1443 1517 generalis
1459 1444 1485 1512 ⁸,

251 1546 382 1613 dilecto
399 1546 434 1639 ip
458 1547 597 1615 Christo
622 1546 730 1627 fratri,
755 1546 922 1633 magistro
942 1546 1125 1613 Francisco
1148 1545 1289 1627 Xanier,
1315 1547 1488 1633 preposito

256 1662 409 1729 eiusdem
427 1661 609 1731 Societatis
625 1662 660 1727 in
677 1661 792 1728 Indiae
809 1656 1021 1747 regionibuS,
1036 1661 1254 1728 serenissimo
1268 1662 1342 1749 regi
1360 1664 1488 1729 Portu-

263 1777 375 1865 galiae
391 1776 567 1857 subiectiS,
586 1786 621 1845 et
637 1778 724 1843 vltra
740 1798 811 1857 eaS,
830 1778 974 1843 salutem
991 1775 1028 1841 in
1055 1776 1204 1843 Domino
1231 1776 1485 1863 sempiternam.

325 1894 414 1960 Cum
432 1890 540 1958 felicis
556 1892 803 1960 recordationis
821 1893 951 1959 Paulus
966 1914 1054 1978 papa
1076 1892 1198 1958 tertius
1218 1894 1261 1959 de
1282 1892 1490 1979 apostolicae

259 2008 438 2097 potestatis
455 2010 618 2076 thesauro
634 2006 796 2076 minimae
812 2006 826 2047 ὃ
843 2018 980 2074 nostrae
994 2007 1160 2075 Societati
1185 2008 1374 2093 plurimum·
1389 2007 1489 2094 spiri·

261 2123 402 2190 tuaiium
420 2124 608 2207 gratiarum
626 2124 668 2189 ad
686 2122 751 2190 Dei
779 2122 922 2210 gloriam
950 2134 985 2191 et
1008 2122 1197 2189 animarum
1222 2124 1487 2204 edificationem,

254 2260 345 2325 quas
362 2238 576 2327 praepositus
592 2237 764 2325 generalis
780 2260 843 2325 pro
861 2250 1013 2325 tempore
1029 2236 1182 2307 existens
1198 2261 1259 2325 per
1278 2261 1316 2307 se
1336 2250 1372 2306 et
1391 2238 1489 2320 alioS,

259 2378 347 2441 quos
362 2355 457 2422 adid
473 2354 614 2421 idoneos
630 2352 808 2435 iudicaret,
826 2375 988 2421 exercere
1003 2363 1119 2439 posset
1134 2364 1169 2421 et
1191 2354 1402 2439 dispensare,
1429 2355 1491 2421 be·

259 2470 366 2557 nigne
377 2469 597 2552 concesserit;
612 2491 686 2550 nos,
698 2468 804 2555 quite
816 2491 925 2555 nuper
938 2469 1168 2555 praepositum
1181 2470 1333 2536 omnium
1342 2472 1488 2550 'fratrum

260 2597 468 2665 nostrorum,
488 2585 546 2673 qui
563 2585 598 2651 in
615 2584 775 2671 predictis
793 2584 907 2652 Indiae
923 2585 1124 2671 regionibus
1144 2596 1336 2665 versantur,
1359 2586 1490 2653 consti-

261 2701 400 2783 tuimus,
419 2705 461 2769 de
480 2715 538 2770 tua
553 2702 681 2790 pietate
697 2713 731 2768 et
748 2701 929 2788 prudentia
945 2703 1045 2789 (quae
1061 2714 1114 2769 est
1133 2701 1169 2767 in
1190 2704 1280 2787 Xpo.
1300 2703 1396 2790 Jesu)
1413 2703 1490 2789 plu-

260 2817 383 2884 rimum
407 2819 632 2898 confidente5‚
651 2817 745 2904 prius
768 2818 927 2884 collatam
950 2817 1189 2886 auctoritatem
1214 2818 1449 2901 confirmando
1466 2820 1490 2900 '3

260 2933 398 3020 insuper
420 2955 539 3002 omnes
560 2956 618 3002 eas
639 2933 768 3020 gratias
797 2944 832 3001 et
859 2933 1111 3016 auctoritatem,
1138 2955 1239 3018 quam
1263 2934 1363 3001 nobis
1390 2921 1492 3002 sbdes

255 3049 444 3135 apostolica
461 3051 782 3134 quomodocumque
797 3049 1079 3130 communicauit,
1097 3059 1132 3115 et
1153 3071 1219 3116 nos
1237 3049 1491 3118 communicare

260 3186 442 3250 possumus
459 3165 605 3250 (duabus
621 3163 811 3244 dumtaxat,
830 3163 962 3232 scilicet
982 3164 1199 3251 indulgentia
1219 3165 1370 3251 plenaria
1385 3166 1491 3234 semel

260 3279 295 3346 in
312 3303 401 3347 anno
418 3280 651 3361 concedenda,
674 3289 709 3346 et
730 3277 938 3346 admissione
958 3281 1001 3346 ad
1021 3280 1267 3366 professionem
1285 3292 1297 3321 ⁰
1313 3281 1491 3367 exceptis),

229 3461 234 3469 ,
258 3396 563 3475 communicamus,
582 3406 619 3460 vt
634 3417 704 3461 non
720 3395 830 3461 solum
847 3395 896 3463 eis
913 3397 961 3460 vti
982 3397 1027 3462 ad
1047 3397 1276 3482 proximorum
1298 3397 1490 3464 edificatio-

261 3533 352 3592 nem,
376 3513 493 3578 sedet
514 3510 598 3577 alios
613 3532 656 3577 ex
672 3509 725 3591 ἰίε,
744 3509 803 3594 qui
819 3513 884 3576 sub
901 3511 1095 3578 obedientia
1112 3523 1169 3578 tua
1191 3524 1283 3593 sunt,
1307 3511 1494 3599 participes

313 3731 327 3760 α
352 3715 437 3784 Quae
455 3717 642 3787 praecedunt
663 3717 879 3771 desiderantur
900 3717 935 3770 in
956 3716 1055 3772 altero
1077 3717 1221 3789 exemplo.
1265 3720 1315 3762 -b
1339 3716 1495 3789 Scriptum

254 3803 323 3876 suit
331 3805 384 3860 hoc
394 3803 529 3872 uerbum,
538 3809 566 3860 et
573 3809 677 3877 postea
688 3805 881 3860 obliteratum
892 3803 926 3859 in
937 3806 1074 3860 (reiterat.
1113 3821 1162 3848 -0
1171 3808 1208 3861 In
1220 3808 1345 3862 culter.»
1355 3807 1495 3862 additum

256 3895 351 3949 estin
364 3895 508 3965 margine
522 3911 617 3948 manu
632 3893 669 3949 P.
685 3895 826 3950 Potanci:
840 3894 897 3949 nisi
910 3893 947 3948 de
960 3900 1060 3949 nostra
1074 3911 1215 3967 expressa
1228 3895 1357 3950 licentia.

253 4069 461 4136 compunctos,
479 4064 570 4119 Lucio
584 4063 700 4136 Crucio‚
716 4081 773 4136 que
786 4066 814 4120 la
827 4065 922 4120 noche
932 4073 1016 4118 antes
1030 4065 1117 4120 havte
1133 4064 1256 4120 entrado
1268 4083 1306 4120 en
1325 4066 1353 4120 ie
1370 4064 1494 4139 Compa-

259 4155 308 4208 ota
323 4171 344 4226 y
362 4153 479 4209 Sancho
498 4153 658 4211 Navarra.»
678 4153 912 4221 Rtunuuotuutn,
932 4151 1135 4225 Cousesioaes.
1155 4155 1245 4209 Porro
1257 4153 1383 4210 Cruciue
1401 4155 1495 4210 Roma

258 4252 389 4308 cesserat
403 4253 435 4298 ut
449 4252 603 4315 parentum
615 4242 850 4314 oppugnationes
863 4241 1000 4311 evitaret,
1012 4242 1077 4312 ejus
1091 4243 1257 4313 ingressum
1271 4244 1300 4297 in
1314 4243 1494 4300 Societatem

254 4332 424 4403 aegerrime
438 4331 607 4398 ferentiumJ
622 4331 659 4386 de
672 4347 729 4404 qua
740 4347 776 4386 re·
784 4339 886 4402 postea
898 4329 1009 4387 redibit
1022 4348 1130 4386 sermo.

317 4515 326 4547 ¹
364 4511 407 4565 Ex
418 4485 563 4581 originali,
577 4510 606 4565 in
619 4507 690 4568 Cod.
708 4508 837 4580 Ulyssip.
848 4509 873 4572 Ῑ,
886 4526 915 4564 n.
927 4522 953 4580 2,
965 4507 1016 4565 tol.
1026 4521 1054 4577 7.
1067 4509 1100 4564 In
1110 4507 1213 4565 codice
1224 4510 1343 4566 Decret.
1354 4515 1384 4566 et
1393 4512 1495 4576 instr„

259 4598 313 4658 foi.
329 4613 391 4670 zor,
404 4601 531 4654 habetur
544 4600 711 4680 exemplum
725 4616 742 4653 a
758 4599 882 4654 Polanco
894 4598 1071 4670 castigatum

315 4693 327 4724 ¹
364 4688 442 4744 Vide
457 4688 612 4760 epistolam
626 4686 688 4758 893.
