3625 5375
363 513 467 570 Esar.
481 511 905 586 381.-1>acumanraJumo
918 527 984 572 aur
996 526 1137 572 maunrs
1150 515 1243 586 Jucro
1259 479 1327 584 1548
1376 525 1427 584 ¹47

232 683 332 750 posse
349 667 492 736 reddere
511 667 570 734 ait.
602 667 656 734 Tu
678 667 808 748 tauien,
830 669 970 752 quando
988 680 1024 736 et
1044 677 1193 736 aetatem
1212 678 1248 734 et
1268 665 1458 741 doctrinam

227 781 347 860 habes,
365 793 401 849 et
415 783 450 851 in
467 784 569 869 plena
592 782 674 850 viris
690 781 897 852 doctissimis
914 782 1056 853 ciuitate
1076 781 1237 861 versaris,
1254 783 1323 850 hoc
1342 781 1459 850 discu-

232 895 386 966 tiendum
401 909 437 966 et
453 919 514 984 per
530 913 565 966 te
579 897 808 968 decidendum
823 898 971 984 suscipe.

295 1013 402 1100 Quod
418 1036 502 1084 vero
517 1035 596 1082 cum
612 1013 798 1085 Ghillelmo
816 1012 957 1083 Britune
978 1025 1015 1082 et
1036 1014 1112 1085 aliis
1133 1025 1250 1082 actum
1273 1026 1339 1096 est,
1357 1015 1386 1082 si
1407 1027 1457 1084 te-

226 1138 304 1192 cum
325 1129 385 1215 agi
411 1130 531 1209 velles,
548 1130 703 1198 eamdem
730 1149 811 1197 curn
837 1127 904 1196 illis
929 1129 1123 1198 obediendo
1149 1128 1455 1215 promptitudinem

222 1263 307 1328 prae
324 1255 358 1314 te
376 1244 465 1312 ferre
480 1245 569 1314 velle
583 1243 737 1314 debebis.
756 1247 803 1313 Vt
818 1244 911 1314 enim
924 1243 1050 1312 clarius
1062 1243 1235 1331 intelligas
1247 1241 1456 1334 Socidtaltis

222 1369 341 1426 nostre
355 1349 506 1440 rnorem}
517 1359 682 1446 imprimis
699 1362 766 1426 hoc
782 1361 910 1446 agitur,
929 1371 966 1427 vt
982 1382 1129 1446 granum
1145 1336 1375 1440 frumentini
1388 1373 1455 1428 ter-

222 1495 295 1540 ram
312 1475 453 1555 cadens,
472 1453 577 1544 semel
593 1475 757 1544 moriatur
773 1477 799 1556 ³,
818 1475 986 1562 propriam
1006 1475 1211 1561 abnegando
1227 1477 1452 1544 voluntatem.

222 1591 276 1657 De
292 1599 412 1660 cetero
428 1609 511 1656 cura
527 1613 603 1658 esse
623 1591 712 1660 solet
728 1590 913 1678 preposito,
932 1601 968 1658 vt
983 1612 1155 1676 quemque
1174 1613 1236 1678 pro
1262 1590 1404 1677 ingenio
1419 1604 1455 1660 et

174 1770 179 1780 ,
223 1704 367 1785 viribus
388 1705 550 1774 facultate
565 1726 606 1772 ac
620 1705 726 1775 animi
741 1704 970 1794 propensione
986 1706 1062 1794 (nisi
1079 1729 1119 1776 ea
1134 1707 1179 1774 ad
1193 1705 1320 1774 malum
1336 1707 1450 1793 esset),

222 1819 258 1884 in
278 1821 379 1888 vinea
390 1821 529 1888 Domini
544 1821 647 1889 variis
664 1821 898 1892 functionibus
913 1822 1102 1892 excolenda
1117 1821 1316 1890 constituat.

291 1937 444 2004 Vlterius
463 1937 643 2004 scribendo
664 1959 734 2004 non
749 1937 961 2024 progrediar.
979 1937 1017 2008 Si
1033 1939 1172 2024 quando
1188 1937 1271 2004 mihi
1286 1939 1398 2006 visum
1414 1937 1449 2004 in

219 2045 372 2118 Domino
389 2053 493 2120 fuerit
513 2052 665 2139 precium
688 2074 792 2139 opere
818 2066 877 2120 aut
904 2052 1027 2122 litteris
1054 2053 1122 2120 tuis
1150 2053 1368 2140 respondere,
1388 2066 1449 2122 aut

218 2168 361 2236 easdem
379 2167 439 2234 tibi
455 2173 504 2256 (vt
520 2167 663 2254 ipsemet
679 2191 699 2236 a
713 2169 972 2256 perturbatione
986 2167 1126 2239 liberior
1147 2168 1209 2234 tibi
1229 2169 1448 2254 respondeas)

220 2281 407 2362 remittere,
426 2283 559 2350 faciam.
579 2283 731 2363 Interim,
749 2283 838 2352 sicut
855 2282 979 2369 rogaui
992 2294 1029 2350 et
1049 2291 1234 2370 rogaturus
1251 2305 1327 2350 sum
1341 2282 1445 2370 (licet,

220 2397 302 2464 heu!
322 2397 465 2464 nimium
482 2398 517 2464 in
532 2397 698 2468 charitate
714 2399 859 2484 tepidus)
876 2401 982 2467 solem
1003 2398 1192 2485 sapientiae
1218 2409 1391 2478 aeternae,
1409 2402 1447 2464 it
1533 2467 1541 2478 ‚

169 2517 173 2524 '
218 2525 253 2580 re
268 2512 447 2600 agnitione
461 2513 648 2582 voluntatis
659 2535 743 2584 suae
758 2513 910 2602 impleat,
927 2525 962 2580 et
974 2535 1037 2599 per
1047 2513 1169 2582 salutis
1179 2527 1215 2582 et
1227 2514 1447 2599 perfectionis

217 2638 297 2697 tuae
313 2628 403 2697 viam
420 2638 587 2716 perpetuo
602 2627 741 2717 dirigat,
755 2629 804 2697 sic
822 2629 856 2697 in
869 2629 990 2698 eodem
1003 2627 1142 2699 Christo
1158 2629 1309 2711 domino,
1323 2639 1361 2697 vt
1377 2629 1445 2697 tuis

214 2745 430 2811 orationibus
446 2767 509 2812 nos
525 2747 669 2831 adjuues
685 2770 727 2815 ex
744 2746 857 2814 animo
875 2768 974 2833 rogo.

283 2862 370 2927 Vale
386 2861 420 2927 in
437 2863 481 2928 D.
501 2862 589 2951 N.J.
608 2864 672 2929 Χ.ο

281 2979 402 3045 Rome.

279 3095 312 3157 Α
329 3100 438 3181 targa,
454 3094 601 3159 Polemi
617 3116 736 3161 manu.
760 3094 868 3181 Copia
884 3095 928 3161 de
947 3115 1016 3161 vna
1036 3091 1186 3180 ynbiada
1201 3099 1221 3163 a
1238 3093 1382 3181 Talpino
1398 3114 1442 3159 en

213 3224 255 3290 25
272 3208 317 3273 de
329 3208 434 3296 Junio
455 3210 552 3292 1548.

795 3380 858 3463 381

401 3520 541 3587 PATRI
557 3520 774 3589 ANTONIO
792 3521 1005 3589 ARAOZIO
1023 3522 1085 3587 EX
1103 3520 1255 3588 COMM.

368 3672 457 3717 aona
475 3674 690 3719 necuaaanrs
708 3674 800 3729 Juruo
817 3674 883 3719 nur
901 3608 1043 3717 insama
1060 3674 1149 3728 Juuo
1169 3660 1239 3731 1548
1258 3661 1277 3715 ¹.

208 3784 367 3841 Martinus
379 3784 471 3855 Lepas
480 3786 804 3845 commendatae-De
814 3787 976 3842 Francisco
985 3787 1022 3843 de
1032 3784 1221 3856 idajae-Da
1231 3786 1439 3843 coenobiorum

408 3874 627 3946 reformatione
639 3876 925 3931 instituendn.-De
938 3874 1100 3929 Francisco
1112 3874 1237 3929 Stroda.

275 4019 383 4087 Suma
398 4019 441 4087 de
458 4019 492 4085 lo
509 4038 577 4104 que
593 4019 768 4087 laeserim
784 4021 816 4085 al
834 4021 874 4085 P.
894 4020 1045 4087 Araura
1132 4019 1177 4085 de
1194 4019 1280 4104 [sicl.

276 4132 545 4205 Primeramente
562 4156 628 4203 vna
643 4134 783 4220 hijnela,
801 4135 916 4203 donde
931 4156 970 4202 se
985 4133 1017 4200 le
1032 4133 1257 4204 encomienda
1273 4154 1341 4219 que
1353 4132 1439 4199 mire

204 4248 234 4315 si
252 4250 286 4319 le
302 4250 473 4319 oecurrtra
490 4272 535 4317 vn
551 4250 644 4319 buen
658 4250 808 4319 assiento
823 4271 889 4317 con
905 4250 1012 4336 algua
1028 4258 1132 4318 sertor
1146 4250 1190 4318 de
1206 4250 1258 4317 los
1275 4270 1343 4333 que
1358 4270 1439 4315 aora

205 4363 404 4374 u———m

256 4408 268 4441 ³
307 4406 355 4464 Cl.
369 4409 477 4481 Julii.,
493 4406 562 4479 x11,
576 4420 621 4479 24.

257 4563 264 4595 ¹
304 4560 348 4615 Ex
360 4560 462 4615 codice
476 4557 596 4634 Regast.
615 4560 639 4626 I,
653 4558 704 4616 iol.
721 4560 796 4630 148r,
810 4578 889 4615 vers.
905 4558 1047 4633 26usque
1060 4558 1211 4627 adfinem,
1224 4568 1256 4615 et
1277 4558 1328 4616 iol.
1351 4558 1434 4627 148v,

201 4662 280 4703 vers.
297 4660 370 4719 144,
384 4648 417 4704 Ρ.
432 4648 552 4705 Polanci
564 4666 663 4706 manu.
678 4650 784 4705 Exstat
797 4650 874 4705 inter
886 4646 961 4704 duas
973 4649 1114 4722 epistolas
1127 4649 1160 4704 P.
1175 4647 1302 4704 Araozio
1316 4648 1433 4717 missas,

201 4737 325 4795 alteram
338 4737 386 4794 die
398 4738 416 4795 6
429 4739 520 4812 Junii,
535 4741 656 4796 alteram
670 4756 741 4795 vero
755 4756 857 4795 mense
870 4739 955 4812 Julii.
