<?xml version="1.0" encoding="UTF-8"?>
<!DOCTYPE html PUBLIC "-//W3C//DTD XHTML 1.0 Transitional//EN"
    "http://www.w3.org/TR/xhtml1/DTD/xhtml1-transitional.dtd">
<html xmlns="http://www.w3.org/1999/xhtml" xml:lang="en" lang="en">
 <head>
  <title>
</title>
<meta http-equiv="Content-Type" content="text/html;charset=utf-8" />
  <meta name='ocr-system' content='tesseract 3.04.00' />
  <meta name='ocr-capabilities' content='ocr_page ocr_carea ocr_par ocr_line ocrx_word'/>
</head>
<body>
  <div class='ocr_page' id='page_1' title='image "./monumentaignati05ignagoog/monumentaignati05ignagoog_0356.png"; bbox 0 0 3625 5375; ppageno 0'>
   <div class='ocr_carea' id='block_1_1' title="bbox 755 473 1161 529">
    <p class='ocr_par' dir='ltr' id='par_1_1' title="bbox 755 473 1161 529">
     <span class='ocr_line' id='line_1_1' title="bbox 755 473 1161 529; baseline 0.002 -2"><span class='ocrx_word' id='word_1_1' title='bbox 755 473 963 529; x_wconf 65' lang='lat' dir='ltr'><strong><em>Mortuerum</em></strong></span> <span class='ocrx_word' id='word_1_2' title='bbox 982 473 1161 529; x_wconf 60' lang='lat' dir='ltr'><strong><em>laustinus</em></strong></span> 
     </span>
    </p>
   </div>
   <div class='ocr_carea' id='block_1_2' title="bbox 630 628 1279 840">
    <p class='ocr_par' dir='ltr' id='par_1_2' title="bbox 630 628 1279 840">
     <span class='ocr_line' id='line_1_2' title="bbox 916 628 993 710; baseline 0.013 -1"><span class='ocrx_word' id='word_1_3' title='bbox 916 628 993 710; x_wconf 75' lang='lat'><strong><em>5⁰5</em></strong></span> 
     </span>
     <span class='ocr_line' id='line_1_3' title="bbox 630 751 1279 840; baseline 0.002 -7"><span class='ocrx_word' id='word_1_4' title='bbox 630 767 772 839; x_wconf 80' lang='lat' dir='ltr'>PATRI</span> <span class='ocrx_word' id='word_1_5' title='bbox 797 767 1064 840; x_wconf 81' lang='lat' dir='ltr'>PASCHASIO</span> <span class='ocrx_word' id='word_1_6' title='bbox 1088 751 1279 836; x_wconf 69' lang='lat' dir='ltr'><strong><em>nuntio</em></strong></span> 
     </span>
    </p>
   </div>
   <div class='ocr_carea' id='block_1_3' title="bbox 724 899 1187 970">
    <p class='ocr_par' dir='ltr' id='par_1_3' title="bbox 724 899 1187 970">
     <span class='ocr_line' id='line_1_4' title="bbox 724 899 1187 970; baseline 0 -14"><span class='ocrx_word' id='word_1_7' title='bbox 724 912 813 956; x_wconf 72' lang='lat' dir='ltr'><strong><em>noui</em></strong></span> <span class='ocrx_word' id='word_1_8' title='bbox 833 899 867 954; x_wconf 84' lang='lat'><strong><em>23</em></strong></span> <span class='ocrx_word' id='word_1_9' title='bbox 886 912 1058 958; x_wconf 71' lang='lat' dir='ltr'><strong><em>rennuerit</em></strong></span> <span class='ocrx_word' id='word_1_10' title='bbox 1078 913 1148 970; x_wconf 72' lang='lat'><strong><em>¹549</em></strong></span> <span class='ocrx_word' id='word_1_11' title='bbox 1166 901 1187 956; x_wconf 83' lang='lat'><strong><em>⁴.</em></strong></span> 
     </span>
    </p>
   </div>
   <div class='ocr_carea' id='block_1_4' title="bbox 336 995 1661 1267">
    <p class='ocr_par' dir='ltr' id='par_1_4' title="bbox 336 995 1661 1267">
     <span class='ocr_line' id='line_1_5' title="bbox 336 995 1661 1094; baseline 0 -24"><span class='ocrx_word' id='word_1_12' title='bbox 336 1015 472 1071; x_wconf 83' lang='lat' dir='ltr'><strong><em>Scribere</em></strong></span> <span class='ocrx_word' id='word_1_13' title='bbox 485 1013 617 1088; x_wconf 74' lang='lat' dir='ltr'><strong><em>singulis</em></strong></span> <span class='ocrx_word' id='word_1_14' title='bbox 628 1015 764 1086; x_wconf 75' lang='lat' dir='ltr'><strong><em>epistolis</em></strong></span> <span class='ocrx_word' id='word_1_15' title='bbox 776 1015 882 1086; x_wconf 83' lang='lat' dir='ltr'><strong><em>aliquo</em></strong></span> <span class='ocrx_word' id='word_1_16' title='bbox 893 1017 931 1070; x_wconf 83' lang='lat' dir='ltr'><strong><em>de</em></strong></span> <span class='ocrx_word' id='word_1_17' title='bbox 941 1019 1027 1094; x_wconf 70' lang='lat' dir='ltr'><strong><em>pace,</em></strong></span> <span class='ocrx_word' id='word_1_18' title='bbox 1039 1032 1116 1087; x_wconf 85' lang='lat' dir='ltr'><strong><em>quoe</em></strong></span> <span class='ocrx_word' id='word_1_19' title='bbox 1129 995 1337 1071; x_wconf 71' lang='lat' dir='ltr'><strong><em>constituenda</em></strong></span> <span class='ocrx_word' id='word_1_20' title='bbox 1347 1011 1567 1086; x_wconf 62' lang='lat' dir='ltr'><strong><em>cuijubetur,</em></strong></span> <span class='ocrx_word' id='word_1_21' title='bbox 1656 1073 1661 1084; x_wconf 66' lang='grc'>,</span> 
     </span>
     <span class='ocr_line' id='line_1_6' title="bbox 390 1103 1570 1178; baseline -0.003 -19"><span class='ocrx_word' id='word_1_22' title='bbox 390 1105 610 1178; x_wconf 75' lang='lat' dir='ltr'><strong><em>gratularique</em></strong></span> <span class='ocrx_word' id='word_1_23' title='bbox 624 1105 756 1178; x_wconf 81' lang='lat' dir='ltr'><strong><em>Rogerio</em></strong></span> <span class='ocrx_word' id='word_1_24' title='bbox 769 1106 848 1176; x_wconf 81' lang='lat' dir='ltr'><strong><em>quod</em></strong></span> <span class='ocrx_word' id='word_1_25' title='bbox 861 1105 1019 1162; x_wconf 81' lang='lat' dir='ltr'><strong><em>Societatis</em></strong></span> <span class='ocrx_word' id='word_1_26' title='bbox 1030 1105 1159 1161; x_wconf 64' lang='lat' dir='ltr'><strong><em>maculis</em></strong></span> <span class='ocrx_word' id='word_1_27' title='bbox 1170 1121 1200 1160; x_wconf 84' lang='lat' dir='ltr'><strong><em>se</em></strong></span> <span class='ocrx_word' id='word_1_28' title='bbox 1213 1104 1425 1160; x_wconf 76' lang='lat' dir='ltr'><strong><em>adstrinxerit.</em></strong></span> <span class='ocrx_word' id='word_1_29' title='bbox 1440 1103 1570 1160; x_wconf 77' lang='lat' dir='ltr'><strong><em>Broe’tus</em></strong></span> 
     </span>
     <span class='ocr_line' id='line_1_7' title="bbox 383 1191 1065 1267; baseline 0 -18"><span class='ocrx_word' id='word_1_30' title='bbox 383 1193 495 1266; x_wconf 84' lang='lat' dir='ltr'><strong><em>Jojum</em></strong></span> <span class='ocrx_word' id='word_1_31' title='bbox 509 1195 545 1250; x_wconf 83' lang='lat' dir='ltr'><strong><em>de</em></strong></span> <span class='ocrx_word' id='word_1_32' title='bbox 561 1191 666 1248; x_wconf 84' lang='lat' dir='ltr'><strong><em>Lainii</em></strong></span> <span class='ocrx_word' id='word_1_33' title='bbox 679 1195 766 1250; x_wconf 83' lang='lat' dir='ltr'><strong><em>rebus</em></strong></span> <span class='ocrx_word' id='word_1_34' title='bbox 779 1197 939 1251; x_wconf 77' lang='lat' dir='ltr'><strong><em>certiorem</em></strong></span> <span class='ocrx_word' id='word_1_35' title='bbox 950 1193 1065 1267; x_wconf 82' lang='lat' dir='ltr'><strong><em>sociat.</em></strong></span> 
     </span>
    </p>
   </div>
   <div class='ocr_carea' id='block_1_5' title="bbox 337 1318 1605 1752">
    <p class='ocr_par' dir='ltr' id='par_1_5' title="bbox 337 1318 1605 1637">
     <span class='ocr_line' id='line_1_8' title="bbox 406 1318 1572 1406; baseline 0 -20"><span class='ocrx_word' id='word_1_36' title='bbox 406 1321 655 1406; x_wconf 78' lang='lat' dir='ltr'><strong><em>Bologna.--A</em></strong></span> <span class='ocrx_word' id='word_1_37' title='bbox 672 1323 716 1388; x_wconf 94' lang='lat' dir='ltr'><strong><em>D.</em></strong></span> <span class='ocrx_word' id='word_1_38' title='bbox 738 1319 938 1387; x_wconf 84' lang='lat' dir='ltr'><strong><em>Paschasio.</em></strong></span> <span class='ocrx_word' id='word_1_39' title='bbox 957 1321 1038 1406; x_wconf 84' lang='lat' dir='ltr'><strong><em>Que</em></strong></span> <span class='ocrx_word' id='word_1_40' title='bbox 1053 1319 1200 1406; x_wconf 85' lang='lat' dir='ltr'><strong><em>siempre</em></strong></span> <span class='ocrx_word' id='word_1_41' title='bbox 1216 1318 1328 1386; x_wconf 83' lang='lat' dir='ltr'><strong><em>scriua</em></strong></span> <span class='ocrx_word' id='word_1_42' title='bbox 1348 1319 1429 1405; x_wconf 84' lang='lat' dir='ltr'><strong><em>algo</em></strong></span> <span class='ocrx_word' id='word_1_43' title='bbox 1451 1321 1495 1386; x_wconf 85' lang='lat' dir='ltr'><strong><em>de</em></strong></span> <span class='ocrx_word' id='word_1_44' title='bbox 1519 1320 1572 1386; x_wconf 89' lang='lat' dir='ltr'><strong><em>las</em></strong></span> 
     </span>
     <span class='ocr_line' id='line_1_9' title="bbox 338 1432 1605 1523; baseline 0 -21"><span class='ocrx_word' id='word_1_45' title='bbox 338 1457 439 1521; x_wconf 84' lang='lat' dir='ltr'><strong><em>pazes</em></strong></span> <span class='ocrx_word' id='word_1_46' title='bbox 454 1436 479 1500; x_wconf 87' lang='lat'><strong><em>¹.</em></strong></span> <span class='ocrx_word' id='word_1_47' title='bbox 500 1437 579 1520; x_wconf 82' lang='lat' dir='ltr'><strong><em>Que</em></strong></span> <span class='ocrx_word' id='word_1_48' title='bbox 597 1437 688 1522; x_wconf 88' lang='lat' dir='ltr'><strong><em>haga</em></strong></span> <span class='ocrx_word' id='word_1_49' title='bbox 704 1438 817 1504; x_wconf 86' lang='lat' dir='ltr'><strong><em>buena</em></strong></span> <span class='ocrx_word' id='word_1_50' title='bbox 833 1455 895 1522; x_wconf 89' lang='lat' dir='ltr'><strong><em>pro</em></strong></span> <span class='ocrx_word' id='word_1_51' title='bbox 912 1441 932 1502; x_wconf 74' lang='lat' dir='ltr'><strong><em>a</em></strong></span> <span class='ocrx_word' id='word_1_52' title='bbox 948 1432 1098 1523; x_wconf 84' lang='lat' dir='ltr'><strong><em>Rogerio</em></strong></span> <span class='ocrx_word' id='word_1_53' title='bbox 1110 1437 1153 1502; x_wconf 89' lang='lat' dir='ltr'><strong><em>de</em></strong></span> <span class='ocrx_word' id='word_1_54' title='bbox 1165 1436 1216 1502; x_wconf 90' lang='lat' dir='ltr'><strong><em>los</em></strong></span> <span class='ocrx_word' id='word_1_55' title='bbox 1228 1446 1328 1501; x_wconf 85' lang='lat' dir='ltr'><strong><em>votos</em></strong></span> <span class='ocrx_word' id='word_1_56' title='bbox 1343 1435 1366 1500; x_wconf 79' lang='lat'><strong><em>³.</em></strong></span> <span class='ocrx_word' id='word_1_57' title='bbox 1383 1435 1462 1521; x_wconf 84' lang='lat' dir='ltr'><strong><em>Que</em></strong></span> <span class='ocrx_word' id='word_1_58' title='bbox 1474 1435 1568 1502; x_wconf 87' lang='lat' dir='ltr'><strong><em>avise</em></strong></span> <span class='ocrx_word' id='word_1_59' title='bbox 1601 1505 1605 1510; x_wconf 73' lang='grc'>,</span> 
     </span>
     <span class='ocr_line' id='line_1_10' title="bbox 337 1550 837 1637; baseline 0.004 -21"><span class='ocrx_word' id='word_1_60' title='bbox 337 1557 358 1616; x_wconf 76' lang='lat' dir='ltr'><strong><em>a</em></strong></span> <span class='ocrx_word' id='word_1_61' title='bbox 373 1553 417 1619; x_wconf 92' lang='lat' dir='ltr'><strong><em>D.</em></strong></span> <span class='ocrx_word' id='word_1_62' title='bbox 437 1550 583 1618; x_wconf 83' lang='lat' dir='ltr'><strong><em>Claudio</em></strong></span> <span class='ocrx_word' id='word_1_63' title='bbox 599 1551 610 1583; x_wconf 77' lang='lat'>⁸</span> <span class='ocrx_word' id='word_1_64' title='bbox 628 1552 671 1618; x_wconf 89' lang='lat' dir='ltr'><strong><em>de</em></strong></span> <span class='ocrx_word' id='word_1_65' title='bbox 687 1553 837 1637; x_wconf 83' lang='lat' dir='ltr'><strong><em>Laynez.</em></strong></span> 
     </span>
    </p>

    <p class='ocr_par' dir='ltr' id='par_1_6' title="bbox 703 1666 1200 1752">
     <span class='ocr_line' id='line_1_11' title="bbox 703 1666 1200 1752; baseline 0.004 -19"><span class='ocrx_word' id='word_1_66' title='bbox 703 1666 861 1734; x_wconf 89' lang='lat' dir='ltr'><strong><em>aniado</em></strong></span> <span class='ocrx_word' id='word_1_67' title='bbox 877 1673 898 1734; x_wconf 71' lang='lat' dir='ltr'><strong><em>a</em></strong></span> <span class='ocrx_word' id='word_1_68' title='bbox 915 1685 957 1752; x_wconf 84' lang='lat'><strong><em>23</em></strong></span> <span class='ocrx_word' id='word_1_69' title='bbox 973 1667 1017 1735; x_wconf 91' lang='lat' dir='ltr'><strong><em>de</em></strong></span> <span class='ocrx_word' id='word_1_70' title='bbox 1033 1667 1200 1735; x_wconf 86' lang='lat' dir='ltr'><strong><em>Hebrero.</em></strong></span> 
     </span>
    </p>
   </div>
   <div class='ocr_carea' id='block_1_6' title="bbox 494 1840 1404 2046">
    <p class='ocr_par' dir='ltr' id='par_1_7' title="bbox 494 1840 1404 2046">
     <span class='ocr_line' id='line_1_12' title="bbox 779 1840 990 1921; baseline 0 0"><span class='ocrx_word' id='word_1_71' title='bbox 779 1883 782 1891; x_wconf 93' lang='lat'>·</span> <span class='ocrx_word' id='word_1_72' title='bbox 913 1840 990 1921; x_wconf 82' lang='grc'><strong><em>588</em></strong></span> 
     </span>
     <span class='ocr_line' id='line_1_13' title="bbox 494 1965 1404 2046; baseline 0.001 -10"><span class='ocrx_word' id='word_1_73' title='bbox 494 1965 683 2038; x_wconf 89' lang='lat' dir='ltr'>DOMINO</span> <span class='ocrx_word' id='word_1_74' title='bbox 706 1971 872 2038; x_wconf 91' lang='lat' dir='ltr'><strong>GOMEZ</strong></span> <span class='ocrx_word' id='word_1_75' title='bbox 897 1971 1132 2038; x_wconf 81' lang='lat' dir='ltr'><strong>HURTADO</strong></span> <span class='ocrx_word' id='word_1_76' title='bbox 1161 1971 1224 2038; x_wconf 86' lang='lat' dir='ltr'><strong><em>EX</em></strong></span> <span class='ocrx_word' id='word_1_77' title='bbox 1252 1971 1404 2046; x_wconf 82' lang='lat' dir='ltr'><strong>COMM.</strong></span> 
     </span>
    </p>
   </div>
   <div class='ocr_carea' id='block_1_7' title="bbox 719 2101 1182 2174">
    <p class='ocr_par' dir='ltr' id='par_1_8' title="bbox 719 2101 1182 2174">
     <span class='ocr_line' id='line_1_14' title="bbox 719 2101 1182 2174; baseline -0.002 -16"><span class='ocrx_word' id='word_1_78' title='bbox 719 2115 807 2160; x_wconf 74' lang='lat' dir='ltr'><strong><em>noui</em></strong></span> <span class='ocrx_word' id='word_1_79' title='bbox 826 2101 861 2158; x_wconf 87' lang='lat'><strong><em>23</em></strong></span> <span class='ocrx_word' id='word_1_80' title='bbox 879 2115 1052 2160; x_wconf 73' lang='lat' dir='ltr'><strong><em>rensuum</em></strong></span> <span class='ocrx_word' id='word_1_81' title='bbox 1072 2116 1141 2174; x_wconf 85' lang='lat'>1549</span> <span class='ocrx_word' id='word_1_82' title='bbox 1161 2108 1182 2158; x_wconf 89' lang='lat'><strong><em>¹.</em></strong></span> 
     </span>
    </p>
   </div>
   <div class='ocr_carea' id='block_1_8' title="bbox 532 2229 1364 2301">
    <p class='ocr_par' dir='ltr' id='par_1_9' title="bbox 532 2229 1364 2301">
     <span class='ocr_line' id='line_1_15' title="bbox 532 2229 1364 2301; baseline 0.004 -18"><span class='ocrx_word' id='word_1_83' title='bbox 532 2229 668 2300; x_wconf 75' lang='lat' dir='ltr'><strong><em>Acceptis</em></strong></span> <span class='ocrx_word' id='word_1_84' title='bbox 681 2229 794 2284; x_wconf 85' lang='lat' dir='ltr'><strong><em>litteris</em></strong></span> <span class='ocrx_word' id='word_1_85' title='bbox 806 2245 875 2284; x_wconf 85' lang='lat' dir='ltr'><strong><em>cum</em></strong></span> <span class='ocrx_word' id='word_1_86' title='bbox 885 2229 1068 2301; x_wconf 76' lang='lat' dir='ltr'><strong><em>gratiarum</em></strong></span> <span class='ocrx_word' id='word_1_87' title='bbox 1081 2229 1200 2284; x_wconf 75' lang='lat' dir='ltr'><strong><em>actione</em></strong></span> <span class='ocrx_word' id='word_1_88' title='bbox 1212 2229 1364 2287; x_wconf 77' lang='lat' dir='ltr'><strong><em>rescribit.</em></strong></span> 
     </span>
    </p>
   </div>
   <div class='ocr_carea' id='block_1_9' title="bbox 334 2351 1569 2789">
    <p class='ocr_par' dir='ltr' id='par_1_10' title="bbox 334 2351 1569 2789">
     <span class='ocr_line' id='line_1_16' title="bbox 406 2351 1569 2442; baseline 0.002 -22"><span class='ocrx_word' id='word_1_89' title='bbox 406 2357 492 2420; x_wconf 86' lang='lat' dir='ltr'><strong><em>Para</em></strong></span> <span class='ocrx_word' id='word_1_90' title='bbox 520 2351 743 2422; x_wconf 67' lang='lat' dir='ltr'><strong><em>Senum-A</em></strong></span> <span class='ocrx_word' id='word_1_91' title='bbox 771 2356 903 2422; x_wconf 77' lang='lat' dir='ltr'><strong><em>Gomet</em></strong></span> <span class='ocrx_word' id='word_1_92' title='bbox 932 2355 1091 2428; x_wconf 87' lang='lat' dir='ltr'><strong><em>Hurtado</em></strong></span> <span class='ocrx_word' id='word_1_93' title='bbox 1118 2375 1186 2421; x_wconf 85' lang='lat' dir='ltr'><strong><em>vna</em></strong></span> <span class='ocrx_word' id='word_1_94' title='bbox 1214 2377 1275 2442; x_wconf 88' lang='lat' dir='ltr'><strong><em>por</em></strong></span> <span class='ocrx_word' id='word_1_95' title='bbox 1302 2355 1485 2422; x_wconf 80' lang='lat' dir='ltr'><strong><em>comission</em></strong></span> <span class='ocrx_word' id='word_1_96' title='bbox 1512 2357 1569 2425; x_wconf 85' lang='lat' dir='ltr'><strong><em>del</em></strong></span> 
     </span>
     <span class='ocr_line' id='line_1_17' title="bbox 338 2469 1569 2557; baseline 0.001 -21"><span class='ocrx_word' id='word_1_97' title='bbox 338 2470 380 2538; x_wconf 92' lang='grc' dir='ltr'><strong><em>Ρ.</em></strong></span> <span class='ocrx_word' id='word_1_98' title='bbox 400 2469 544 2555; x_wconf 85' lang='lat' dir='ltr'><strong><em>ignatio,</em></strong></span> <span class='ocrx_word' id='word_1_99' title='bbox 564 2471 607 2537; x_wconf 89' lang='lat' dir='ltr'><strong><em>de</em></strong></span> <span class='ocrx_word' id='word_1_100' title='bbox 624 2472 756 2537; x_wconf 81' lang='lat' dir='ltr'><strong><em>boenas</em></strong></span> <span class='ocrx_word' id='word_1_101' title='bbox 771 2472 942 2557; x_wconf 86' lang='lat' dir='ltr'><strong><em>palabras‚</em></strong></span> <span class='ocrx_word' id='word_1_102' title='bbox 960 2469 1108 2538; x_wconf 70' lang='lat' dir='ltr'><strong><em>dindoie</em></strong></span> <span class='ocrx_word' id='word_1_103' title='bbox 1124 2469 1219 2537; x_wconf 86' lang='lat' dir='ltr'><strong><em>aviso</em></strong></span> <span class='ocrx_word' id='word_1_104' title='bbox 1240 2471 1296 2539; x_wconf 89' lang='lat' dir='ltr'><strong><em>del</em></strong></span> <span class='ocrx_word' id='word_1_105' title='bbox 1317 2469 1452 2538; x_wconf 87' lang='lat' dir='ltr'><strong><em>resciuo</em></strong></span> <span class='ocrx_word' id='word_1_106' title='bbox 1471 2473 1516 2539; x_wconf 86' lang='lat' dir='ltr'><strong><em>de</em></strong></span> <span class='ocrx_word' id='word_1_107' title='bbox 1536 2473 1569 2537; x_wconf 89' lang='lat' dir='ltr'><strong><em>la</em></strong></span> 
     </span>
     <span class='ocr_line' id='line_1_18' title="bbox 335 2585 1569 2673; baseline 0.002 -22"><span class='ocrx_word' id='word_1_108' title='bbox 335 2607 420 2671; x_wconf 86' lang='lat' dir='ltr'><strong><em>suya</em></strong></span> <span class='ocrx_word' id='word_1_109' title='bbox 436 2607 458 2671; x_wconf 91' lang='lat' dir='ltr'>y</span> <span class='ocrx_word' id='word_1_110' title='bbox 475 2603 540 2653; x_wconf 88' lang='lat'><strong><em>210</em></strong></span> <span class='ocrx_word' id='word_1_111' title='bbox 556 2587 722 2669; x_wconf 81' lang='lat' dir='ltr'><strong><em>dueados,</em></strong></span> <span class='ocrx_word' id='word_1_112' title='bbox 740 2607 762 2671; x_wconf 89' lang='lat' dir='ltr'>y</span> <span class='ocrx_word' id='word_1_113' title='bbox 780 2586 921 2672; x_wconf 84' lang='lat' dir='ltr'><strong><em>gratias,</em></strong></span> <span class='ocrx_word' id='word_1_114' title='bbox 946 2596 1029 2667; x_wconf 90' lang='lat' dir='ltr'><strong><em>etc.;</em></strong></span> <span class='ocrx_word' id='word_1_115' title='bbox 1052 2607 1074 2672; x_wconf 92' lang='lat' dir='ltr'>y</span> <span class='ocrx_word' id='word_1_116' title='bbox 1095 2585 1293 2653; x_wconf 84' lang='lat' dir='ltr'><strong><em>otreziendo</em></strong></span> <span class='ocrx_word' id='word_1_117' title='bbox 1313 2608 1380 2673; x_wconf 89' lang='lat' dir='ltr'><strong><em>que</em></strong></span> <span class='ocrx_word' id='word_1_118' title='bbox 1403 2589 1434 2654; x_wconf 90' lang='lat' dir='ltr'><strong><em>el</em></strong></span> <span class='ocrx_word' id='word_1_119' title='bbox 1457 2589 1569 2657; x_wconf 85' lang='lat' dir='ltr'><strong><em>Padre</em></strong></span> 
     </span>
     <span class='ocr_line' id='line_1_19' title="bbox 334 2700 1116 2789; baseline 0.006 -23"><span class='ocrx_word' id='word_1_120' title='bbox 334 2700 367 2769; x_wconf 85' lang='lat' dir='ltr'><strong><em>l&#39;e</em></strong></span> <span class='ocrx_word' id='word_1_121' title='bbox 382 2702 538 2769; x_wconf 85' lang='lat' dir='ltr'><strong><em>scriuiria</em></strong></span> <span class='ocrx_word' id='word_1_122' title='bbox 554 2724 619 2769; x_wconf 90' lang='lat' dir='ltr'><strong><em>con</em></strong></span> <span class='ocrx_word' id='word_1_123' title='bbox 637 2704 776 2770; x_wconf 77' lang='lat' dir='ltr'><strong><em>ocasion</em></strong></span> <span class='ocrx_word' id='word_1_124' title='bbox 792 2726 814 2789; x_wconf 91' lang='lat' dir='ltr'>y</span> <span class='ocrx_word' id='word_1_125' title='bbox 830 2702 883 2769; x_wconf 83' lang='lat' dir='ltr'><strong><em>sin</em></strong></span> <span class='ocrx_word' id='word_1_126' title='bbox 900 2702 966 2771; x_wconf 86' lang='lat' dir='ltr'><strong><em>ella</em></strong></span> <span class='ocrx_word' id='word_1_127' title='bbox 982 2705 1008 2770; x_wconf 83' lang='lat'><strong><em>¹.</em></strong></span> <span class='ocrx_word' id='word_1_128' title='bbox 1105 2726 1116 2741; x_wconf 93' lang='lat'><strong>·</strong></span> 
     </span>
    </p>
   </div>
   <div class='ocr_carea' id='block_1_10' title="bbox 332 2852 1569 4081">
    <p class='ocr_par' dir='ltr' id='par_1_11' title="bbox 389 2852 1412 2927">
     <span class='ocr_line' id='line_1_20' title="bbox 389 2852 1412 2927; baseline 0.004 -20"><span class='ocrx_word' id='word_1_129' title='bbox 389 2853 398 2887; x_wconf 85' lang='lat'><strong>¹</strong></span> <span class='ocrx_word' id='word_1_130' title='bbox 436 2854 480 2908; x_wconf 83' lang='lat' dir='ltr'><strong><em>Ex</em></strong></span> <span class='ocrx_word' id='word_1_131' title='bbox 493 2852 595 2909; x_wconf 85' lang='lat' dir='ltr'><strong><em>codice</em></strong></span> <span class='ocrx_word' id='word_1_132' title='bbox 609 2854 727 2927; x_wconf 79' lang='lat' dir='ltr'><strong><em>Regest.</em></strong></span> <span class='ocrx_word' id='word_1_133' title='bbox 742 2854 768 2919; x_wconf 88' lang='lat' dir='ltr'><strong><em>I,</em></strong></span> <span class='ocrx_word' id='word_1_134' title='bbox 783 2852 837 2909; x_wconf 83' lang='lat' dir='ltr'><strong><em>iol.</em></strong></span> <span class='ocrx_word' id='word_1_135' title='bbox 857 2852 932 2925; x_wconf 86' lang='lat' dir='ltr'><strong><em>182r,</em></strong></span> <span class='ocrx_word' id='word_1_136' title='bbox 948 2870 1027 2909; x_wconf 84' lang='lat' dir='ltr'><strong><em>vers.</em></strong></span> <span class='ocrx_word' id='word_1_137' title='bbox 1041 2852 1117 2920; x_wconf 89' lang='lat'><strong><em>8·10,</em></strong></span> <span class='ocrx_word' id='word_1_138' title='bbox 1132 2854 1166 2909; x_wconf 89' lang='lat' dir='ltr'><strong><em>P.</em></strong></span> <span class='ocrx_word' id='word_1_139' title='bbox 1180 2854 1301 2910; x_wconf 86' lang='lat' dir='ltr'><strong><em>Poianci</em></strong></span> <span class='ocrx_word' id='word_1_140' title='bbox 1315 2872 1412 2911; x_wconf 86' lang='lat' dir='ltr'><strong><em>manu.</em></strong></span> 
     </span>
    </p>

    <p class='ocr_par' dir='ltr' id='par_1_12' title="bbox 332 2940 1569 3823">
     <span class='ocr_line' id='line_1_21' title="bbox 388 2940 1568 3016; baseline 0.002 -19"><span class='ocrx_word' id='word_1_141' title='bbox 388 2946 399 2977; x_wconf 79' lang='lat'><strong>¹</strong></span> <span class='ocrx_word' id='word_1_142' title='bbox 437 2943 482 2997; x_wconf 89' lang='lat' dir='ltr'><strong><em>De</em></strong></span> <span class='ocrx_word' id='word_1_143' title='bbox 500 2944 556 2998; x_wconf 92' lang='lat' dir='ltr'><strong><em>hoc</em></strong></span> <span class='ocrx_word' id='word_1_144' title='bbox 573 2943 702 3013; x_wconf 86' lang='lat' dir='ltr'><strong><em>negotio,</em></strong></span> <span class='ocrx_word' id='word_1_145' title='bbox 722 2940 799 3016; x_wconf 90' lang='lat' dir='ltr'><strong><em>quod</em></strong></span> <span class='ocrx_word' id='word_1_146' title='bbox 812 2942 946 2998; x_wconf 83' lang='lat' dir='ltr'><strong><em>obscuris</em></strong></span> <span class='ocrx_word' id='word_1_147' title='bbox 963 2960 1081 3013; x_wconf 79' lang='lat' dir='ltr'><strong><em>semper</em></strong></span> <span class='ocrx_word' id='word_1_148' title='bbox 1099 2944 1199 2999; x_wconf 85' lang='lat' dir='ltr'><strong><em>verbis</em></strong></span> <span class='ocrx_word' id='word_1_149' title='bbox 1220 2942 1379 2999; x_wconf 86' lang='lat' dir='ltr'><strong><em>indicatum</em></strong></span> <span class='ocrx_word' id='word_1_150' title='bbox 1399 2954 1457 3013; x_wconf 88' lang='lat' dir='ltr'><strong><em>est,</em></strong></span> <span class='ocrx_word' id='word_1_151' title='bbox 1475 2957 1568 3015; x_wconf 77' lang='lat' dir='ltr'><strong><em>agunt</em></strong></span> 
     </span>
     <span class='ocr_line' id='line_1_22' title="bbox 335 3032 1568 3105; baseline 0.003 -20"><span class='ocrx_word' id='word_1_152' title='bbox 335 3032 434 3102; x_wconf 84' lang='lat' dir='ltr'><strong><em>plures</em></strong></span> <span class='ocrx_word' id='word_1_153' title='bbox 449 3032 557 3101; x_wconf 86' lang='lat' dir='ltr'><strong><em>Ignatii</em></strong></span> <span class='ocrx_word' id='word_1_154' title='bbox 570 3032 713 3104; x_wconf 84' lang='lat' dir='ltr'><strong><em>epistolae</em></strong></span> <span class='ocrx_word' id='word_1_155' title='bbox 727 3049 813 3105; x_wconf 85' lang='lat' dir='ltr'><strong><em>supra</em></strong></span> <span class='ocrx_word' id='word_1_156' title='bbox 826 3032 951 3104; x_wconf 82' lang='lat' dir='ltr'><strong><em>positae,</em></strong></span> <span class='ocrx_word' id='word_1_157' title='bbox 965 3040 997 3087; x_wconf 86' lang='lat' dir='ltr'><strong><em>et</em></strong></span> <span class='ocrx_word' id='word_1_158' title='bbox 1009 3032 1085 3088; x_wconf 84' lang='lat' dir='ltr'><strong><em>aliae</em></strong></span> <span class='ocrx_word' id='word_1_159' title='bbox 1096 3050 1173 3105; x_wconf 86' lang='lat' dir='ltr'><strong><em>quae</em></strong></span> <span class='ocrx_word' id='word_1_160' title='bbox 1186 3051 1203 3088; x_wconf 89' lang='lat' dir='ltr'><strong><em>a</em></strong></span> <span class='ocrx_word' id='word_1_161' title='bbox 1215 3033 1301 3089; x_wconf 91' lang='lat' dir='ltr'><strong><em>nobis</em></strong></span> <span class='ocrx_word' id='word_1_162' title='bbox 1315 3050 1374 3089; x_wconf 86' lang='lat' dir='ltr'><strong><em>non</em></strong></span> <span class='ocrx_word' id='word_1_163' title='bbox 1392 3042 1462 3089; x_wconf 84' lang='lat' dir='ltr'><strong><em>sunt</em></strong></span> <span class='ocrx_word' id='word_1_164' title='bbox 1479 3032 1568 3089; x_wconf 86' lang='lat' dir='ltr'><strong><em>eden·</em></strong></span> 
     </span>
     <span class='ocr_line' id='line_1_23' title="bbox 332 3118 1567 3194; baseline 0.002 -20"><span class='ocrx_word' id='word_1_165' title='bbox 332 3118 400 3190; x_wconf 85' lang='lat' dir='ltr'><strong><em>dae,</em></strong></span> <span class='ocrx_word' id='word_1_166' title='bbox 414 3121 492 3176; x_wconf 86' lang='lat' dir='ltr'><strong><em>inter</em></strong></span> <span class='ocrx_word' id='word_1_167' title='bbox 503 3138 576 3193; x_wconf 86' lang='lat' dir='ltr'><strong><em>quas</em></strong></span> <span class='ocrx_word' id='word_1_168' title='bbox 589 3121 736 3176; x_wconf 86' lang='lat' dir='ltr'><strong><em>recenseri</em></strong></span> <span class='ocrx_word' id='word_1_169' title='bbox 750 3120 841 3177; x_wconf 86' lang='lat' dir='ltr'><strong><em>debet</em></strong></span> <span class='ocrx_word' id='word_1_170' title='bbox 854 3122 981 3194; x_wconf 86' lang='lat' dir='ltr'><strong><em>epistola</em></strong></span> <span class='ocrx_word' id='word_1_171' title='bbox 993 3122 1065 3193; x_wconf 86' lang='lat' dir='ltr'><strong><em>Julii</em></strong></span> <span class='ocrx_word' id='word_1_172' title='bbox 1082 3122 1112 3177; x_wconf 89' lang='lat' dir='ltr'><strong><em>di</em></strong></span> <span class='ocrx_word' id='word_1_173' title='bbox 1126 3122 1215 3178; x_wconf 90' lang='lat' dir='ltr'><strong><em>Conti</em></strong></span> <span class='ocrx_word' id='word_1_174' title='bbox 1234 3122 1270 3178; x_wconf 84' lang='lat' dir='ltr'><strong><em>ad</em></strong></span> <span class='ocrx_word' id='word_1_175' title='bbox 1290 3124 1432 3177; x_wconf 80' lang='lat' dir='ltr'><strong><em>&#39;rhomam</em></strong></span> <span class='ocrx_word' id='word_1_176' title='bbox 1446 3122 1567 3194; x_wconf 81' lang='lat' dir='ltr'><strong><em>Litium,</em></strong></span> 
     </span>
     <span class='ocr_line' id='line_1_24' title="bbox 334 3200 1567 3285; baseline 0.004 -22"><span class='ocrx_word' id='word_1_177' title='bbox 334 3210 465 3265; x_wconf 82' lang='lat' dir='ltr'><strong><em>Bononia</em></strong></span> <span class='ocrx_word' id='word_1_178' title='bbox 481 3222 491 3263; x_wconf 93' lang='lat'>1</span> <span class='ocrx_word' id='word_1_179' title='bbox 509 3211 693 3283; x_wconf 83' lang='lat' dir='ltr'><strong><em>Septembris</em></strong></span> <span class='ocrx_word' id='word_1_180' title='bbox 709 3210 777 3281; x_wconf 80' lang='lat'>1548</span> <span class='ocrx_word' id='word_1_181' title='bbox 790 3210 866 3282; x_wconf 85' lang='lat' dir='ltr'><strong><em>data,</em></strong></span> <span class='ocrx_word' id='word_1_182' title='bbox 880 3228 955 3285; x_wconf 82' lang='lat' dir='ltr'><strong><em>quae</em></strong></span> <span class='ocrx_word' id='word_1_183' title='bbox 966 3211 1116 3268; x_wconf 82' lang='lat' dir='ltr'><strong><em>invenitur</em></strong></span> <span class='ocrx_word' id='word_1_184' title='bbox 1127 3212 1156 3267; x_wconf 93' lang='lat' dir='ltr'><strong><em>in</em></strong></span> <span class='ocrx_word' id='word_1_185' title='bbox 1167 3212 1269 3267; x_wconf 89' lang='lat' dir='ltr'><strong><em>codice</em></strong></span> <span class='ocrx_word' id='word_1_186' title='bbox 1282 3214 1379 3284; x_wconf 79' lang='lat' dir='ltr'><strong><em>Epist.</em></strong></span> <span class='ocrx_word' id='word_1_187' title='bbox 1391 3200 1517 3277; x_wconf 82' lang='lat' dir='ltr'><strong><em>Mixtae,</em></strong></span> <span class='ocrx_word' id='word_1_188' title='bbox 1528 3215 1567 3277; x_wconf 87' lang='lat' dir='ltr'><strong><em>A,</em></strong></span> 
     </span>
     <span class='ocr_line' id='line_1_25' title="bbox 335 3298 1568 3373; baseline 0.002 -20"><span class='ocrx_word' id='word_1_189' title='bbox 335 3317 365 3354; x_wconf 89' lang='lat' dir='ltr'><strong><em>n.</em></strong></span> <span class='ocrx_word' id='word_1_190' title='bbox 381 3314 443 3371; x_wconf 82' lang='lat'><strong><em>209,</em></strong></span> <span class='ocrx_word' id='word_1_191' title='bbox 463 3298 544 3372; x_wconf 89' lang='lat' dir='ltr'><strong><em>prius</em></strong></span> <span class='ocrx_word' id='word_1_192' title='bbox 563 3298 626 3369; x_wconf 72' lang='grc'>437,</span> <span class='ocrx_word' id='word_1_193' title='bbox 646 3300 766 3356; x_wconf 86' lang='lat' dir='ltr'><strong><em>Exituni</em></strong></span> <span class='ocrx_word' id='word_1_194' title='bbox 786 3318 857 3356; x_wconf 88' lang='lat' dir='ltr'><strong><em>vero</em></strong></span> <span class='ocrx_word' id='word_1_195' title='bbox 875 3303 966 3357; x_wconf 85' lang='lat' dir='ltr'><strong><em>totius</em></strong></span> <span class='ocrx_word' id='word_1_196' title='bbox 982 3302 1027 3357; x_wconf 88' lang='lat' dir='ltr'><strong><em>rei</em></strong></span> <span class='ocrx_word' id='word_1_197' title='bbox 1044 3302 1175 3357; x_wconf 86' lang='lat' dir='ltr'><strong><em>declarat</em></strong></span> <span class='ocrx_word' id='word_1_198' title='bbox 1193 3300 1375 3373; x_wconf 69' lang='lat' dir='ltr'><strong><em>Potartcu8,</em></strong></span> <span class='ocrx_word' id='word_1_199' title='bbox 1395 3302 1519 3371; x_wconf 67' lang='lat' dir='ltr'><strong><em>Chron,</em></strong></span> <span class='ocrx_word' id='word_1_200' title='bbox 1543 3303 1568 3373; x_wconf 89' lang='lat'><strong><em>1,</em></strong></span> 
     </span>
     <span class='ocr_line' id='line_1_26' title="bbox 335 3386 1568 3465; baseline 0.004 -23"><span class='ocrx_word' id='word_1_201' title='bbox 335 3386 398 3457; x_wconf 81' lang='lat'><strong><em>403,</em></strong></span> <span class='ocrx_word' id='word_1_202' title='bbox 413 3404 477 3458; x_wconf 83' lang='lat'><strong>404:</strong></span> <span class='ocrx_word' id='word_1_203' title='bbox 493 3390 623 3445; x_wconf 79' lang='lat' dir='ltr'><strong><em>«Debuit</em></strong></span> <span class='ocrx_word' id='word_1_204' title='bbox 642 3400 742 3445; x_wconf 86' lang='lat' dir='ltr'><strong><em>autem</em></strong></span> <span class='ocrx_word' id='word_1_205' title='bbox 760 3391 910 3463; x_wconf 75' lang='lat' dir='ltr'><strong><em>[Broetus]</em></strong></span> <span class='ocrx_word' id='word_1_206' title='bbox 927 3392 958 3447; x_wconf 91' lang='lat' dir='ltr'><strong><em>in</em></strong></span> <span class='ocrx_word' id='word_1_207' title='bbox 976 3391 1133 3447; x_wconf 82' lang='lat' dir='ltr'><strong><em>Aemiliam</em></strong></span> <span class='ocrx_word' id='word_1_208' title='bbox 1151 3409 1184 3446; x_wconf 82' lang='lat' dir='ltr'><strong><em>se</em></strong></span> <span class='ocrx_word' id='word_1_209' title='bbox 1203 3390 1397 3451; x_wconf 81' lang='lat' dir='ltr'><strong><em>transferre...</em></strong></span> <span class='ocrx_word' id='word_1_210' title='bbox 1416 3400 1449 3447; x_wconf 88' lang='lat' dir='ltr'><strong><em>ut</em></strong></span> <span class='ocrx_word' id='word_1_211' title='bbox 1465 3408 1568 3465; x_wconf 80' lang='lat' dir='ltr'><strong><em>pacem</em></strong></span> 
     </span>
     <span class='ocr_line' id='line_1_27' title="bbox 335 3476 1569 3553; baseline 0.002 -20"><span class='ocrx_word' id='word_1_212' title='bbox 335 3478 491 3550; x_wconf 85' lang='lat' dir='ltr'><strong><em>quamdam</em></strong></span> <span class='ocrx_word' id='word_1_213' title='bbox 511 3478 588 3533; x_wconf 88' lang='lat' dir='ltr'><strong><em>inter</em></strong></span> <span class='ocrx_word' id='word_1_214' title='bbox 606 3479 685 3534; x_wconf 88' lang='lat' dir='ltr'><strong><em>viros</em></strong></span> <span class='ocrx_word' id='word_1_215' title='bbox 703 3480 845 3552; x_wconf 83' lang='lat' dir='ltr'><strong><em>quosdam</em></strong></span> <span class='ocrx_word' id='word_1_216' title='bbox 863 3480 979 3537; x_wconf 80' lang='lat' dir='ltr'><strong><em>nobiles</em></strong></span> <span class='ocrx_word' id='word_1_217' title='bbox 996 3489 1198 3553; x_wconf 82' lang='lat' dir='ltr'><strong><em>componeret,</em></strong></span> <span class='ocrx_word' id='word_1_218' title='bbox 1218 3497 1294 3552; x_wconf 83' lang='lat' dir='ltr'><strong><em>quae</em></strong></span> <span class='ocrx_word' id='word_1_219' title='bbox 1312 3480 1363 3535; x_wconf 93' lang='lat' dir='ltr'><strong><em>diu</em></strong></span> <span class='ocrx_word' id='word_1_220' title='bbox 1385 3476 1569 3552; x_wconf 86' lang='lat' dir='ltr'><strong><em>multumque</em></strong></span> 
     </span>
     <span class='ocr_line' id='line_1_28' title="bbox 334 3568 1569 3641; baseline 0.003 -22"><span class='ocrx_word' id='word_1_221' title='bbox 334 3572 457 3636; x_wconf 79' lang='lat' dir='ltr'><strong><em>tentata,</em></strong></span> <span class='ocrx_word' id='word_1_222' title='bbox 472 3584 572 3639; x_wconf 86' lang='lat' dir='ltr'><strong><em>parum</em></strong></span> <span class='ocrx_word' id='word_1_223' title='bbox 586 3577 781 3641; x_wconf 80' lang='lat' dir='ltr'><strong><em>successerat3</em></strong></span> <span class='ocrx_word' id='word_1_224' title='bbox 796 3568 860 3639; x_wconf 82' lang='lat' dir='ltr'><strong><em>sed,</em></strong></span> <span class='ocrx_word' id='word_1_225' title='bbox 875 3570 940 3625; x_wconf 87' lang='lat' dir='ltr'><strong><em>Deo</em></strong></span> <span class='ocrx_word' id='word_1_226' title='bbox 957 3568 1125 3641; x_wconf 86' lang='lat' dir='ltr'><strong><em>adjuvante,</em></strong></span> <span class='ocrx_word' id='word_1_227' title='bbox 1142 3569 1291 3625; x_wconf 87' lang='lat' dir='ltr'><strong><em>Paschasii</em></strong></span> <span class='ocrx_word' id='word_1_228' title='bbox 1305 3568 1432 3624; x_wconf 85' lang='lat' dir='ltr'><strong><em>charitas</em></strong></span> <span class='ocrx_word' id='word_1_229' title='bbox 1446 3577 1477 3623; x_wconf 88' lang='lat' dir='ltr'><strong><em>et</em></strong></span> <span class='ocrx_word' id='word_1_230' title='bbox 1490 3568 1569 3624; x_wconf 83' lang='lat' dir='ltr'><strong><em>solli·</em></strong></span> 
     </span>
     <span class='ocr_line' id='line_1_29' title="bbox 332 3654 1568 3730; baseline 0.002 -21"><span class='ocrx_word' id='word_1_231' title='bbox 332 3654 433 3710; x_wconf 75' lang='lat' dir='ltr'><strong><em>titudo</em></strong></span> <span class='ocrx_word' id='word_1_232' title='bbox 446 3654 649 3711; x_wconf 81' lang='lat' dir='ltr'><strong><em>difficultatem</em></strong></span> <span class='ocrx_word' id='word_1_233' title='bbox 663 3658 764 3727; x_wconf 90' lang='lat' dir='ltr'><strong><em>evicit,</em></strong></span> <span class='ocrx_word' id='word_1_234' title='bbox 778 3666 809 3713; x_wconf 86' lang='lat' dir='ltr'><strong><em>et</em></strong></span> <span class='ocrx_word' id='word_1_235' title='bbox 821 3658 977 3713; x_wconf 89' lang='lat' dir='ltr'><strong><em>concordia</em></strong></span> <span class='ocrx_word' id='word_1_236' title='bbox 987 3675 1046 3713; x_wconf 91' lang='lat' dir='ltr'><strong><em>non</em></strong></span> <span class='ocrx_word' id='word_1_237' title='bbox 1056 3656 1132 3714; x_wconf 78' lang='lat' dir='ltr'><strong><em>iev&#39;is</em></strong></span> <span class='ocrx_word' id='word_1_238' title='bbox 1143 3659 1285 3713; x_wconf 89' lang='lat' dir='ltr'><strong><em>momenti</em></strong></span> <span class='ocrx_word' id='word_1_239' title='bbox 1298 3667 1344 3714; x_wconf 89' lang='lat' dir='ltr'><strong><em>est</em></strong></span> <span class='ocrx_word' id='word_1_240' title='bbox 1354 3667 1568 3730; x_wconf 75' lang='lat' dir='ltr'><strong><em>consequuta.»</em></strong></span> 
     </span>
     <span class='ocr_line' id='line_1_30' title="bbox 334 3742 938 3823; baseline 0.005 -24"><span class='ocrx_word' id='word_1_241' title='bbox 334 3742 381 3803; x_wconf 84' lang='lat' dir='ltr'><strong><em>Cf,</em></strong></span> <span class='ocrx_word' id='word_1_242' title='bbox 397 3744 585 3817; x_wconf 81' lang='lat' dir='ltr'><strong><em>Epistulae...</em></strong></span> <span class='ocrx_word' id='word_1_243' title='bbox 600 3748 706 3801; x_wconf 77' lang='lat' dir='ltr'><strong><em>Broe&#39;ti</em></strong></span> <span class='ocrx_word' id='word_1_244' title='bbox 719 3756 790 3817; x_wconf 65' lang='lat' dir='ltr'><strong><em>etc„</em></strong></span> <span class='ocrx_word' id='word_1_245' title='bbox 804 3764 872 3823; x_wconf 84' lang='lat' dir='ltr'><strong><em>pag.</em></strong></span> <span class='ocrx_word' id='word_1_246' title='bbox 892 3764 938 3818; x_wconf 83' lang='lat'><strong><em>44.</em></strong></span> 
     </span>
    </p>

    <p class='ocr_par' dir='ltr' id='par_1_13' title="bbox 334 3835 1567 4081">
     <span class='ocr_line' id='line_1_31' title="bbox 387 3835 1565 3911; baseline 0.002 -22"><span class='ocrx_word' id='word_1_247' title='bbox 387 3835 398 3866; x_wconf 84' lang='lat'><strong>³</strong></span> <span class='ocrx_word' id='word_1_248' title='bbox 436 3835 565 3905; x_wconf 85' lang='lat' dir='ltr'><strong><em>Joannes</em></strong></span> <span class='ocrx_word' id='word_1_249' title='bbox 578 3836 733 3907; x_wconf 78' lang='lat' dir='ltr'><strong><em>Rogerius¹</em></strong></span> <span class='ocrx_word' id='word_1_250' title='bbox 749 3837 930 3909; x_wconf 86' lang='lat' dir='ltr'><strong><em>parisiensis,</em></strong></span> <span class='ocrx_word' id='word_1_251' title='bbox 944 3838 996 3911; x_wconf 89' lang='lat' dir='ltr'><strong><em>qui</em></strong></span> <span class='ocrx_word' id='word_1_252' title='bbox 1009 3836 1109 3893; x_wconf 63' lang='lat' dir='ltr'><strong><em>BroSti</em></strong></span> <span class='ocrx_word' id='word_1_253' title='bbox 1122 3854 1211 3910; x_wconf 87' lang='lat' dir='ltr'><strong><em>opera</em></strong></span> <span class='ocrx_word' id='word_1_254' title='bbox 1224 3838 1384 3893; x_wconf 85' lang='lat' dir='ltr'><strong><em>Societatis</em></strong></span> <span class='ocrx_word' id='word_1_255' title='bbox 1395 3838 1565 3893; x_wconf 86' lang='lat' dir='ltr'><strong><em>institutum</em></strong></span> 
     </span>
     <span class='ocr_line' id='line_1_32' title="bbox 334 3924 1567 3998; baseline 0.005 -23"><span class='ocrx_word' id='word_1_256' title='bbox 334 3924 488 3995; x_wconf 85' lang='lat' dir='ltr'><strong><em>amplexus</em></strong></span> <span class='ocrx_word' id='word_1_257' title='bbox 502 3933 559 3997; x_wconf 89' lang='lat' dir='ltr'><strong><em>est,</em></strong></span> <span class='ocrx_word' id='word_1_258' title='bbox 573 3933 603 3979; x_wconf 86' lang='lat' dir='ltr'><strong><em>et</em></strong></span> <span class='ocrx_word' id='word_1_259' title='bbox 617 3925 647 3980; x_wconf 88' lang='lat' dir='ltr'><strong><em>iu</em></strong></span> <span class='ocrx_word' id='word_1_260' title='bbox 661 3924 791 3981; x_wconf 87' lang='lat' dir='ltr'><strong><em>Siciliam</em></strong></span> <span class='ocrx_word' id='word_1_261' title='bbox 805 3926 860 3981; x_wconf 86' lang='lat' dir='ltr'><strong><em>hoc</em></strong></span> <span class='ocrx_word' id='word_1_262' title='bbox 878 3926 943 3998; x_wconf 86' lang='lat' dir='ltr'><strong><em>ipso</em></strong></span> <span class='ocrx_word' id='word_1_263' title='bbox 960 3943 1036 3981; x_wconf 87' lang='lat' dir='ltr'><strong><em>anno</em></strong></span> <span class='ocrx_word' id='word_1_264' title='bbox 1055 3926 1172 3982; x_wconf 86' lang='lat' dir='ltr'><strong><em>missus.</em></strong></span> <span class='ocrx_word' id='word_1_265' title='bbox 1194 3927 1378 3997; x_wconf 75' lang='lat' dir='ltr'><strong><em>PounrthS,</em></strong></span> <span class='ocrx_word' id='word_1_266' title='bbox 1398 3926 1524 3991; x_wconf 66' lang='lat' dir='ltr'><strong><em>Claros„</em></strong></span> <span class='ocrx_word' id='word_1_267' title='bbox 1544 3926 1567 3996; x_wconf 95' lang='lat'><strong><em>1,</em></strong></span> 
     </span>
     <span class='ocr_line' id='line_1_33' title="bbox 337 4009 482 4081; baseline 0.007 -17"><span class='ocrx_word' id='word_1_268' title='bbox 337 4009 402 4081; x_wconf 84' lang='lat'><strong><em>384,</em></strong></span> <span class='ocrx_word' id='word_1_269' title='bbox 416 4010 482 4081; x_wconf 86' lang='lat'>403.</span> 
     </span>
    </p>
   </div>
   <div class='ocr_carea' id='block_1_11' title="bbox 389 4101 687 4174">
    <p class='ocr_par' dir='ltr' id='par_1_14' title="bbox 389 4101 687 4174">
     <span class='ocr_line' id='line_1_34' title="bbox 389 4101 687 4174; baseline 0.003 -17"><span class='ocrx_word' id='word_1_270' title='bbox 389 4103 401 4135; x_wconf 80' lang='lat'><strong>⁴</strong></span> <span class='ocrx_word' id='word_1_271' title='bbox 438 4101 579 4157; x_wconf 85' lang='lat' dir='ltr'><strong><em>Claudius</em></strong></span> <span class='ocrx_word' id='word_1_272' title='bbox 593 4103 687 4174; x_wconf 87' lang='lat' dir='ltr'><strong><em>Jajus.</em></strong></span> 
     </span>
    </p>
   </div>
   <div class='ocr_carea' id='block_1_12' title="bbox 332 4252 1568 4775">
    <p class='ocr_par' dir='ltr' id='par_1_15' title="bbox 335 4252 1567 4426">
     <span class='ocr_line' id='line_1_35' title="bbox 389 4252 1567 4327; baseline 0.003 -21"><span class='ocrx_word' id='word_1_273' title='bbox 389 4256 397 4287; x_wconf 81' lang='lat'>¹</span> <span class='ocrx_word' id='word_1_274' title='bbox 436 4252 479 4307; x_wconf 86' lang='lat' dir='ltr'><strong><em>Ex</em></strong></span> <span class='ocrx_word' id='word_1_275' title='bbox 493 4252 595 4309; x_wconf 86' lang='lat' dir='ltr'><strong><em>codice</em></strong></span> <span class='ocrx_word' id='word_1_276' title='bbox 610 4255 727 4327; x_wconf 83' lang='lat' dir='ltr'><strong><em>Regest,</em></strong></span> <span class='ocrx_word' id='word_1_277' title='bbox 745 4256 768 4324; x_wconf 85' lang='lat' dir='ltr'><strong><em>t,</em></strong></span> <span class='ocrx_word' id='word_1_278' title='bbox 782 4256 832 4311; x_wconf 80' lang='lat' dir='ltr'><strong><em>tol.</em></strong></span> <span class='ocrx_word' id='word_1_279' title='bbox 851 4256 932 4326; x_wconf 87' lang='lat' dir='ltr'><strong><em>167v,</em></strong></span> <span class='ocrx_word' id='word_1_280' title='bbox 943 4272 1021 4315; x_wconf 84' lang='lat' dir='ltr'><strong><em>vers.</em></strong></span> <span class='ocrx_word' id='word_1_281' title='bbox 1037 4269 1067 4327; x_wconf 85' lang='lat'><strong><em>51</em></strong></span> <span class='ocrx_word' id='word_1_282' title='bbox 1084 4265 1115 4311; x_wconf 88' lang='lat' dir='ltr'><strong><em>et</em></strong></span> <span class='ocrx_word' id='word_1_283' title='bbox 1128 4270 1174 4327; x_wconf 85' lang='lat'><strong><em>52,</em></strong></span> <span class='ocrx_word' id='word_1_284' title='bbox 1188 4256 1220 4312; x_wconf 87' lang='lat' dir='ltr'><strong><em>P.</em></strong></span> <span class='ocrx_word' id='word_1_285' title='bbox 1233 4256 1352 4311; x_wconf 88' lang='lat' dir='ltr'><strong><em>Polanci</em></strong></span> <span class='ocrx_word' id='word_1_286' title='bbox 1367 4273 1465 4311; x_wconf 88' lang='lat' dir='ltr'><strong><em>manu.</em></strong></span> <span class='ocrx_word' id='word_1_287' title='bbox 1480 4254 1567 4311; x_wconf 83' lang='lat' dir='ltr'><strong><em>Ratio</em></strong></span> 
     </span>
     <span class='ocr_line' id='line_1_36' title="bbox 335 4342 1143 4426; baseline 0.007 -31"><span class='ocrx_word' id='word_1_288' title='bbox 335 4342 476 4413; x_wconf 87' lang='lat' dir='ltr'><strong><em>temporis</em></strong></span> <span class='ocrx_word' id='word_1_289' title='bbox 491 4351 657 4399; x_wconf 71' lang='lat' dir='ltr'><strong><em>constater</em></strong></span> <span class='ocrx_word' id='word_1_290' title='bbox 672 4344 796 4415; x_wconf 86' lang='lat' dir='ltr'><strong><em>epistola</em></strong></span> <span class='ocrx_word' id='word_1_291' title='bbox 811 4345 873 4413; x_wconf 83' lang='lat'>588.</span> <span class='ocrx_word' id='word_1_292' title='bbox 1138 4415 1143 4426; x_wconf 39' lang='grc' dir='ltr'>Ι</span> 
     </span>
    </p>

    <p class='ocr_par' dir='ltr' id='par_1_16' title="bbox 332 4431 1568 4775">
     <span class='ocr_line' id='line_1_37' title="bbox 386 4431 1568 4506; baseline 0.003 -21"><span class='ocrx_word' id='word_1_293' title='bbox 386 4435 397 4465; x_wconf 76' lang='lat' dir='ltr'><strong><em>e</em></strong></span> <span class='ocrx_word' id='word_1_294' title='bbox 435 4432 480 4486; x_wconf 89' lang='lat' dir='ltr'><strong><em>De</em></strong></span> <span class='ocrx_word' id='word_1_295' title='bbox 495 4431 607 4486; x_wconf 86' lang='lat' dir='ltr'><strong><em>Gomez</em></strong></span> <span class='ocrx_word' id='word_1_296' title='bbox 620 4433 754 4488; x_wconf 86' lang='lat' dir='ltr'><strong><em>Hurtado</em></strong></span> <span class='ocrx_word' id='word_1_297' title='bbox 768 4442 860 4505; x_wconf 86' lang='lat' dir='ltr'><strong><em>agunt</em></strong></span> <span class='ocrx_word' id='word_1_298' title='bbox 874 4435 973 4506; x_wconf 77' lang='lat' dir='ltr'><strong><em>Epist.</em></strong></span> <span class='ocrx_word' id='word_1_299' title='bbox 987 4434 1112 4502; x_wconf 57' lang='lat' dir='ltr'><strong><em>rilirtae,</em></strong></span> <span class='ocrx_word' id='word_1_300' title='bbox 1127 4436 1152 4505; x_wconf 92' lang='lat'><strong><em>1,</em></strong></span> <span class='ocrx_word' id='word_1_301' title='bbox 1166 4448 1230 4506; x_wconf 91' lang='grc'>545,</span> <span class='ocrx_word' id='word_1_302' title='bbox 1241 4434 1304 4504; x_wconf 85' lang='grc'>546,</span> <span class='ocrx_word' id='word_1_303' title='bbox 1315 4434 1367 4489; x_wconf 91' lang='lat' dir='ltr'><strong><em>ubi</em></strong></span> <span class='ocrx_word' id='word_1_304' title='bbox 1377 4441 1500 4489; x_wconf 85' lang='lat' dir='ltr'><strong><em>vocatur</em></strong></span> <span class='ocrx_word' id='word_1_305' title='bbox 1509 4450 1568 4489; x_wconf 79' lang='lat' dir='ltr'><strong><em>«vn</em></strong></span> 
     </span>
     <span class='ocr_line' id='line_1_38' title="bbox 332 4520 1568 4595; baseline 0.003 -22"><span class='ocrx_word' id='word_1_306' title='bbox 332 4520 481 4575; x_wconf 86' lang='lat' dir='ltr'><strong><em>caballero</em></strong></span> <span class='ocrx_word' id='word_1_307' title='bbox 495 4538 563 4591; x_wconf 90' lang='lat' dir='ltr'><strong><em>muy</em></strong></span> <span class='ocrx_word' id='word_1_308' title='bbox 576 4520 637 4575; x_wconf 90' lang='lat' dir='ltr'><strong><em>rico</em></strong></span> <span class='ocrx_word' id='word_1_309' title='bbox 651 4520 689 4576; x_wconf 89' lang='lat' dir='ltr'><strong><em>de</em></strong></span> <span class='ocrx_word' id='word_1_310' title='bbox 703 4520 822 4595; x_wconf 69' lang='lat' dir='ltr'><strong><em>Servilia,</em></strong></span> <span class='ocrx_word' id='word_1_311' title='bbox 839 4522 915 4579; x_wconf 81' lang='lat' dir='ltr'><strong><em>dado</em></strong></span> <span class='ocrx_word' id='word_1_312' title='bbox 929 4524 1035 4578; x_wconf 90' lang='lat' dir='ltr'><strong><em>mucho</em></strong></span> <span class='ocrx_word' id='word_1_313' title='bbox 1047 4526 1064 4578; x_wconf 78' lang='lat' dir='ltr'><strong><em>t</em></strong></span> <span class='ocrx_word' id='word_1_314' title='bbox 1077 4524 1120 4578; x_wconf 90' lang='lat' dir='ltr'><strong><em>les</em></strong></span> <span class='ocrx_word' id='word_1_315' title='bbox 1133 4526 1220 4578; x_wconf 88' lang='lat' dir='ltr'><strong><em>obras</em></strong></span> <span class='ocrx_word' id='word_1_316' title='bbox 1233 4523 1271 4578; x_wconf 90' lang='lat' dir='ltr'><strong><em>de</em></strong></span> <span class='ocrx_word' id='word_1_317' title='bbox 1285 4522 1456 4581; x_wconf 86' lang='lat' dir='ltr'><strong><em>charidad...</em></strong></span> <span class='ocrx_word' id='word_1_318' title='bbox 1471 4520 1568 4594; x_wconf 84' lang='lat' dir='ltr'><strong><em>ydize</em></strong></span> 
     </span>
     <span class='ocr_line' id='line_1_39' title="bbox 332 4610 1567 4685; baseline 0.003 -23"><span class='ocrx_word' id='word_1_319' title='bbox 332 4625 389 4681; x_wconf 90' lang='lat' dir='ltr'><strong><em>que</em></strong></span> <span class='ocrx_word' id='word_1_320' title='bbox 412 4624 464 4681; x_wconf 89' lang='lat' dir='ltr'><strong><em>por</em></strong></span> <span class='ocrx_word' id='word_1_321' title='bbox 487 4610 575 4663; x_wconf 83' lang='lat' dir='ltr'><strong><em>hezer</em></strong></span> <span class='ocrx_word' id='word_1_322' title='bbox 597 4611 684 4679; x_wconf 74' lang='lat' dir='ltr'><strong><em>luego</em></strong></span> <span class='ocrx_word' id='word_1_323' title='bbox 706 4627 761 4666; x_wconf 89' lang='lat' dir='ltr'><strong><em>eon</em></strong></span> <span class='ocrx_word' id='word_1_324' title='bbox 786 4612 896 4668; x_wconf 87' lang='lat' dir='ltr'><strong><em>Sevilla</em></strong></span> <span class='ocrx_word' id='word_1_325' title='bbox 918 4629 976 4685; x_wconf 89' lang='lat' dir='ltr'><strong><em>que</em></strong></span> <span class='ocrx_word' id='word_1_326' title='bbox 997 4614 1073 4683; x_wconf 80' lang='lat' dir='ltr'><strong><em>haga</em></strong></span> <span class='ocrx_word' id='word_1_327' title='bbox 1096 4630 1135 4668; x_wconf 86' lang='lat' dir='ltr'><strong><em>vn</em></strong></span> <span class='ocrx_word' id='word_1_328' title='bbox 1158 4611 1292 4683; x_wconf 85' lang='lat' dir='ltr'><strong><em>Collegio</em></strong></span> <span class='ocrx_word' id='word_1_329' title='bbox 1309 4630 1378 4683; x_wconf 82' lang='lat' dir='ltr'><strong><em>para</em></strong></span> <span class='ocrx_word' id='word_1_330' title='bbox 1397 4614 1424 4667; x_wconf 82' lang='lat' dir='ltr'><strong><em>ia</em></strong></span> <span class='ocrx_word' id='word_1_331' title='bbox 1443 4612 1567 4683; x_wconf 87' lang='lat' dir='ltr'><strong><em>Compa-</em></strong></span> 
     </span>
     <span class='ocr_line' id='line_1_40' title="bbox 332 4696 1365 4775; baseline 0.004 -22"><span class='ocrx_word' id='word_1_332' title='bbox 332 4700 398 4754; x_wconf 84' lang='lat' dir='ltr'><strong><em>iiiau</em></strong></span> <span class='ocrx_word' id='word_1_333' title='bbox 412 4706 470 4754; x_wconf 89' lang='lat' dir='ltr'><strong><em>etc.</em></strong></span> <span class='ocrx_word' id='word_1_334' title='bbox 486 4698 562 4755; x_wconf 88' lang='lat' dir='ltr'><strong><em>Vide</em></strong></span> <span class='ocrx_word' id='word_1_335' title='bbox 575 4696 616 4754; x_wconf 90' lang='lat' dir='ltr'><strong><em>ibi</em></strong></span> <span class='ocrx_word' id='word_1_336' title='bbox 629 4700 694 4769; x_wconf 83' lang='lat' dir='ltr'><strong><em>ejus</em></strong></span> <span class='ocrx_word' id='word_1_337' title='bbox 708 4702 846 4773; x_wconf 86' lang='lat' dir='ltr'><strong><em>elogium.</em></strong></span> <span class='ocrx_word' id='word_1_338' title='bbox 862 4701 909 4758; x_wconf 83' lang='lat' dir='ltr'><strong><em>Cf.</em></strong></span> <span class='ocrx_word' id='word_1_339' title='bbox 925 4702 1105 4775; x_wconf 68' lang='lat' dir='ltr'><strong><em>Potuimus¹</em></strong></span> <span class='ocrx_word' id='word_1_340' title='bbox 1124 4702 1250 4766; x_wconf 63' lang='lat' dir='ltr'><strong><em>Chron„</em></strong></span> <span class='ocrx_word' id='word_1_341' title='bbox 1265 4703 1287 4771; x_wconf 90' lang='lat'><strong><em>1,</em></strong></span> <span class='ocrx_word' id='word_1_342' title='bbox 1301 4700 1365 4757; x_wconf 80' lang='lat'>303.</span> 
     </span>
    </p>
   </div>
   <div class='ocr_carea' id='block_1_13' title="bbox 0 0 1818 5375">
    <p class='ocr_par' dir='ltr' id='par_1_17' title="bbox 0 0 1818 5375">
     <span class='ocr_line' id='line_1_41' title="bbox 0 0 1818 5375; baseline 0 0"><span class='ocrx_word' id='word_1_343' title='bbox 0 0 1818 5375; x_wconf 95' lang='lat' dir='ltr'><strong><em> </em></strong></span> 
     </span>
    </p>
   </div>
  </div>
 </body>
</html>
