3625 5375
771 410 980 468 Murmura
1000 411 1178 467 lauarrattn

938 566 1014 647 293

613 696 773 763 PATRI
808 695 1056 764 ANTONIO
1092 694 1335 763 ARAOZIO

709 832 799 877 aona
817 832 969 879 arsurus
987 832 1109 876 enarro
1131 820 1199 890 1548
1218 822 1238 875 ¹.

358 934 509 991 Araoeius
524 936 680 992 Societatis
686 935 763 1008 jesu
776 936 808 990 in
823 934 979 1008 Hispania
996 930 1220 991 visitator'cum
1237 934 1429 1009 amplissima
1443 938 1590 1006 potestate

807 1024 846 1080 ab
859 1019 984 1098 ignatio
997 1028 1133 1080 creatur.

425 1141 561 1208 Dilecto
576 1141 612 1209 in
623 1144 720 1228 ,Xpo.
738 1140 846 1215 fratri,
866 1140 1022 1208 Antonio
1042 1142 1086 1209 de
1106 1143 1233 1221 Araoz,
1257 1139 1449 1228 praeposito
1470 1139 1587 1209 Socie-

358 1256 439 1323 tatis
454 1256 608 1323 eiusdem
624 1256 661 1322 in
677 1255 845 1343 Hispania
859 1255 947 1323 citra
965 1255 1212 1342 portugaliam,
1230 1257 1375 1323 salutem
1389 1254 1426 1320 in
1442 1254 1588 1321 Domino

360 1372 615 1459 sempiternam.
746 1444 749 1453 ¹

392 1516 397 1526 ,
429 1488 518 1555 Cum
536 1498 570 1555 te
587 1506 708 1574 nuper,
726 1498 829 1574 prout
844 1487 944 1553 nobis
959 1484 1146 1573 apostolica
1161 1486 1349 1555 auctoritas
1367 1486 1535 1567 concedit,
1553 1488 1587 1551 in

359 1624 463 1670 curae
479 1624 520 1669 ac
537 1602 652 1670 oneris
667 1602 775 1669 nostri
790 1614 924 1688 partem
941 1602 1151 1683 asciscendo,
1167 1603 1393 1690 praepositum
1410 1603 1590 1671 Societatis

359 1730 498 1786 nostrae
514 1718 549 1784 in
571 1728 643 1785 tota
663 1717 830 1805 Hispania
857 1717 946 1784 citra
968 1718 1216 1805 Portugaliam,
1239 1718 1281 1785 ad
1302 1718 1366 1785 Dei
1387 1717 1531 1803 gloriam
1554 1730 1589 1784 et

362 1833 548 1903 Societatis
568 1843 709 1901 nostrae
723 1832 760 1899 in
780 1831 949 1920 Hispania
969 1834 1155 1902 crescentis
1175 1833 1441 1903 commodiorem
1461 1833 1586 1920 guber—

361 1949 535 2017 nationem
552 1949 785 2017 creauerimus
800 1970 841 2015 ac
856 1948 1157 2031 declarauerimus;
1176 1970 1325 2035 cumque
1340 1948 1376 2015 in
1391 1948 1464 2017 dies
1480 1946 1586 2035 pieta-

361 2064 404 2131 tis
420 2086 462 2131 ac
484 2056 768 2150 prudentiaetibi
788 2086 808 2131 a
828 2065 977 2131 Domino
1002 2064 1148 2131 donatae
1171 2064 1413 2151 experimentis
1439 2076 1589 2132 nostram

360 2180 404 2246 de
421 2191 455 2248 te
470 2179 756 2247 existimationem
772 2202 812 2246 ae
833 2180 992 2247 fiduciam
1013 2180 1197 2249 confirmes
1217 2201 1258 2247 ac
1278 2202 1419 2267 augeas3
1443 2202 1589 2264 cumque

359 2295 395 2361 in
412 2293 473 2361 tibi
489 2295 671 2363 commissa
687 2294 875 2381 prouincia,
896 2304 1074 2364 crescente
1089 2318 1233 2363 numero
1245 2316 1376 2376 eorum,
1395 2295 1453 2381 qui
1470 2294 1590 2364 Socie-
1666 2350 1670 2359 .

361 2410 440 2478 tatis
460 2422 597 2479 nostrae
618 2410 814 2479 institutum
835 2420 1040 2496 sequuntur,
1059 2424 1193 2479 crescat
1208 2424 1243 2479 et
1264 2412 1466 2499 prouidendi
1487 2412 1590 2481 rebus

364 2527 481 2593 multis
495 2526 694 2609 necessitas,
712 2527 899 2595 visumrest
910 2526 945 2592 in
962 2527 1111 2595 Domino
1123 2526 1284 2615 expedire
1294 2540 1348 2620 vt,
1363 2549 1481 2595 curam
1496 2548 1590 2594 com-

361 2640 498 2710 missam
518 2655 554 2709 et
573 2652 777 2729 potestatem
805 2664 942 2714 ornnem
969 2663 1016 2710 ac
1036 2643 1276 2712 auctoritatem
1304 2643 1365 2711 tibi
1392 2664 1590 2714 concessam

360 2759 607 2838 confirmando,
635 2769 673 2824 et
690 2770 857 2843 quantum
881 2759 982 2827 nobis
1002 2759 1192 2845 apostolica
1217 2757 1386 2828 concessit
1407 2759 1591 2828 auctoritas

361 2875 591 2949 extendendo
616 2873 848 2941 visitationem
869 2874 1085 2942 subditorum
1109 2873 1171 2941 tibi
1192 2875 1315 2964 seriam
1335 2886 1371 2942 et
1392 2875 1590 2963 diligentem

360 2988 633 3075 iniungeremus.
653 2988 731 3056 Tibi
746 3011 831 3075 ergo
845 2990 881 3056 in
897 3002 1037 3058 sanctae
1057 2989 1272 3058 obedientiae
1292 2990 1419 3060 virtute
1440 2989 1591 3078 iniungi-

361 3125 439 3170 mus
465 3115 570 3190 atque
596 3104 859 3185 committimus,
889 3119 944 3190 vt,
974 3105 1263 3193 congregationes
1290 3127 1330 3173 ac
1357 3107 1503 3193 collegia
1531 3107 1592 3174 tibi

360 3218 499 3286 subdita
514 3219 698 3301 visitando,
718 3220 880 3307 quicquid
896 3221 1011 3289 minus
1027 3221 1222 3288 ordinatum
1239 3235 1310 3288 eta
1330 3221 1512 3290 Societatis
1531 3243 1594 3288 no-

362 3346 454 3403 strae
469 3336 628 3403 instituto
648 3348 683 3404 et
702 3337 885 3404 vocatione
905 3337 1068 3419 alienum,
1092 3349 1127 3405 et
1147 3336 1287 3404 omnino
1302 3337 1466 3424 quicquid
1487 3337 1595 3404 refor-

364 3450 515 3519 matione
531 3451 686 3538 indigere
701 3452 736 3518 in
754 3452 902 3519 Domino
915 3453 1139 3538 judicaueriS,
1158 3453 1315 3522 ordinare
1336 3476 1375 3520 ac
1397 3453 1594 3533 reformare,

364 3575 466 3652 prout
487 3564 635 3653 Spiritus
655 3564 765 3633 sancti
786 3565 903 3632 vnctio
925 3565 1074 3648 docebit,
1098 3587 1209 3634 cures:
1239 3580 1273 3635 et
1301 3568 1344 3634 ad
1371 3567 1406 3633 id
1422 3566 1514 3632 omni
1538 3577 1597 3634 tua

367 3689 537 3765 potestate
553 3682 653 3768 (quae
668 3680 786 3766 vtique
802 3682 846 3747 ad
862 3681 1135 3752 aedificationem
1153 3693 1206 3750 est
1229 3681 1417 3770 concessa),
1442 3682 1544 3750 etiam
1568 3682 1596 3746 si

367 3794 579 3882 praepositos
594 3797 722 3865 locales
737 3820 758 3864 a
773 3817 856 3863 cura
873 3817 1051 3866 remouere
1071 3809 1105 3866 et
1126 3797 1211 3864 alios
1232 3819 1348 3866 creare
1368 3808 1536 3884 oporteat3
1562 3807 1597 3863 et

365 3919 435 3976 tarn
451 3933 523 3994 eos,
541 3932 643 3996 quam
659 3911 812 3998 priuatas
831 3933 1069 3998 quascumque
1090 3913 1198 3980 nostri
1220 3911 1365 3979 instituti
1389 3933 1550 3999 personas
1577 3935 1597 3980 a

365 4025 518 4114 collegiis
547 4027 604 4094 uel
627 4025 713 4094 locis
739 4039 800 4095 aut
828 4026 1157 4116 congregationibus
1188 4027 1371 4097 Societatis
1399 4037 1536 4096 nostrae
1562 4025 1598 4094 in

365 4143 491 4226 quibus
507 4143 646 4225 suerint,
664 4142 733 4210 imo
749 4156 784 4212 et
800 4143 844 4211 ab
860 4141 1124 4229 ipsasoeietate
1141 4143 1181 4230 (si
1197 4166 1252 4212 res
1269 4143 1317 4210 ita
1339 4164 1481 4229 poscere
1501 4141 1598 4210 vide-

365 4257 469 4341 bitur)
486 4258 621 4341 eiicere,
644 4257 840 4353 plenissime
861 4257 979 4325 vtaris.
1004 4259 1084 4327 Hoc
1105 4258 1196 4326 enim
1217 4259 1260 4328 de
1283 4259 1348 4326 Dei
1372 4258 1406 4326 in
1431 4269 1466 4325 te
1487 4257 1599 4344 gratia

419 4445 427 4476 ¹
465 4445 510 4501 Ex
522 4443 625 4501 codice
640 4445 760 4504 Decret.
774 4449 803 4501 et
816 4446 919 4510 ἐπείη,
938 4443 989 4504 iol.
1010 4457 1068 4502 zor.
1093 4446 1156 4500 Etsi
1178 4445 1347 4520 scriptionis
1369 4443 1434 4500 dies
1456 4443 1598 4516 epistolae

365 4549 425 4589 non
437 4533 580 4607 affigatur,
596 4543 712 4590 constat
724 4542 824 4590 tamen
841 4552 878 4590 ex
892 4535 1019 4608 epistola
1036 4537 1197 4609 superiore,
1218 4549 1280 4608 292,
1302 4535 1390 4591 simul
1407 4549 1475 4590 cum
1494 4533 1598 4590 eadem

367 4623 443 4678 hanc
457 4623 582 4679 Araozio
594 4623 715 4680 missam
728 4622 831 4680 fuisse.
