<?xml version="1.0" encoding="UTF-8"?>
<!DOCTYPE html PUBLIC "-//W3C//DTD XHTML 1.0 Transitional//EN"
    "http://www.w3.org/TR/xhtml1/DTD/xhtml1-transitional.dtd">
<html xmlns="http://www.w3.org/1999/xhtml" xml:lang="en" lang="en">
 <head>
  <title>
</title>
<meta http-equiv="Content-Type" content="text/html;charset=utf-8" />
  <meta name='ocr-system' content='tesseract 3.04.00' />
  <meta name='ocr-capabilities' content='ocr_page ocr_carea ocr_par ocr_line ocrx_word'/>
</head>
<body>
  <div class='ocr_page' id='page_1' title='image "./monumentaignati05ignagoog/monumentaignati05ignagoog_0608.png"; bbox 0 0 3625 5375; ppageno 0'>
   <div class='ocr_carea' id='block_1_1' title="bbox 785 359 1307 437">
    <p class='ocr_par' dir='ltr' id='par_1_1' title="bbox 785 359 1307 437">
     <span class='ocr_line' id='line_1_1' title="bbox 785 359 1307 437; baseline -0.002 -24"><span class='ocrx_word' id='word_1_1' title='bbox 785 359 992 421; x_wconf 66' lang='lat' dir='ltr'>Mouuusmtn</span> <span class='ocrx_word' id='word_1_2' title='bbox 1012 360 1190 420; x_wconf 72' lang='lat' dir='ltr'>iuuenem</span> <span class='ocrx_word' id='word_1_3' title='bbox 1302 430 1307 437; x_wconf 24' lang='grc' dir='ltr'>Ι</span> 
     </span>
    </p>
   </div>
   <div class='ocr_carea' id='block_1_2' title="bbox 524 568 1435 778">
    <p class='ocr_par' dir='ltr' id='par_1_2' title="bbox 524 568 1435 778">
     <span class='ocr_line' id='line_1_2' title="bbox 941 568 1019 647; baseline 0 0"><span class='ocrx_word' id='word_1_4' title='bbox 941 568 1019 647; x_wconf 84' lang='grc'>957</span> 
     </span>
     <span class='ocr_line' id='line_1_3' title="bbox 524 709 1435 778; baseline 0 -1"><span class='ocrx_word' id='word_1_5' title='bbox 524 710 671 777; x_wconf 74' lang='lat' dir='ltr'><strong>PATRI</strong></span> <span class='ocrx_word' id='word_1_6' title='bbox 697 710 924 777; x_wconf 82' lang='lat' dir='ltr'><strong>ANDREAE</strong></span> <span class='ocrx_word' id='word_1_7' title='bbox 958 709 1158 778; x_wconf 85' lang='lat' dir='ltr'>SIDEREO</span> <span class='ocrx_word' id='word_1_8' title='bbox 1190 709 1253 775; x_wconf 89' lang='lat' dir='ltr'>EX</span> <span class='ocrx_word' id='word_1_9' title='bbox 1282 709 1435 777; x_wconf 88' lang='lat' dir='ltr'>COMM.</span> 
     </span>
    </p>
   </div>
   <div class='ocr_carea' id='block_1_3' title="bbox 751 854 1209 921">
    <p class='ocr_par' dir='ltr' id='par_1_3' title="bbox 751 854 1209 921">
     <span class='ocr_line' id='line_1_4' title="bbox 751 854 1209 921; baseline -0.004 -12"><span class='ocrx_word' id='word_1_10' title='bbox 751 865 876 909; x_wconf 71' lang='lat' dir='ltr'>noune</span> <span class='ocrx_word' id='word_1_11' title='bbox 896 864 1078 909; x_wconf 81' lang='lat' dir='ltr'>nucuueurs</span> <span class='ocrx_word' id='word_1_12' title='bbox 1099 862 1168 921; x_wconf 84' lang='lat'>1549</span> <span class='ocrx_word' id='word_1_13' title='bbox 1188 854 1209 907; x_wconf 84' lang='lat'>¹.</span> 
     </span>
    </p>
   </div>
   <div class='ocr_carea' id='block_1_4' title="bbox 346 985 1557 1224">
    <p class='ocr_par' dir='ltr' id='par_1_4' title="bbox 346 958 1557 1224">
     <span class='ocr_line' id='line_1_5' title="bbox 346 985 1557 1057; baseline -0.002 -16"><span class='ocrx_word' id='word_1_14' title='bbox 346 992 352 1011; x_wconf 84' lang='lat'><strong>¹</strong></span> <span class='ocrx_word' id='word_1_15' title='bbox 398 986 508 1042; x_wconf 80' lang='lat' dir='ltr'>Sedulo</span> <span class='ocrx_word' id='word_1_16' title='bbox 522 992 662 1044; x_wconf 81' lang='lat' dir='ltr'>monetur</span> <span class='ocrx_word' id='word_1_17' title='bbox 676 987 819 1045; x_wconf 79' lang='lat' dir='ltr'>Andreas</span> <span class='ocrx_word' id='word_1_18' title='bbox 833 992 865 1042; x_wconf 85' lang='lat' dir='ltr'>ut</span> <span class='ocrx_word' id='word_1_19' title='bbox 878 986 1017 1043; x_wconf 81' lang='lat' dir='ltr'>Adriani</span> <span class='ocrx_word' id='word_1_20' title='bbox 1028 990 1057 1043; x_wconf 80' lang='lat' dir='ltr'>et</span> <span class='ocrx_word' id='word_1_21' title='bbox 1072 985 1208 1043; x_wconf 78' lang='lat' dir='ltr'>Cornelii</span> <span class='ocrx_word' id='word_1_22' title='bbox 1225 986 1361 1041; x_wconf 60' lang='lat' dir='ltr'>conmliis</span> <span class='ocrx_word' id='word_1_23' title='bbox 1378 986 1557 1057; x_wconf 78' lang='lat' dir='ltr'><strong><em>acquiescat.</em></strong></span> 
     </span>
     <span class='ocr_line' id='line_1_6' title="bbox 682 1076 1283 1149; baseline -0.002 -18"><span class='ocrx_word' id='word_1_24' title='bbox 682 1078 891 1133; x_wconf 80' lang='lat' dir='ltr'><strong><em>Valetudinem</em></strong></span> <span class='ocrx_word' id='word_1_25' title='bbox 901 1093 992 1132; x_wconf 83' lang='lat' dir='ltr'>suum</span> <span class='ocrx_word' id='word_1_26' title='bbox 1008 1080 1094 1132; x_wconf 77' lang='lat' dir='ltr'>curet</span> <span class='ocrx_word' id='word_1_27' title='bbox 1105 1076 1283 1149; x_wconf 72' lang='lat' dir='ltr'><strong><em>diligenter.</em></strong></span> 
     </span>
     <span class='ocr_line' id='line_1_7' title="bbox 1009 1193 1014 1224; baseline 0 0"><span class='ocrx_word' id='word_1_28' title='bbox 1009 1193 1014 1224; x_wconf 87' lang='lat' dir='ltr'>i</span> 
     </span>
    </p>
   </div>
   <div class='ocr_carea' id='block_1_5' title="bbox 335 1229 1590 3958">
    <p class='ocr_par' dir='ltr' id='par_1_5' title="bbox 380 1229 1202 1536">
     <span class='ocr_line' id='line_1_8' title="bbox 968 1229 986 1281; baseline 0 0"><span class='ocrx_word' id='word_1_29' title='bbox 968 1229 986 1281; x_wconf 91' lang='lat'>†</span> 
     </span>
     <span class='ocr_line' id='line_1_9' title="bbox 940 1283 1013 1369; baseline 0.027 -20"><span class='ocrx_word' id='word_1_30' title='bbox 940 1283 1013 1369; x_wconf 88' lang='lat' dir='ltr'>Jhs.</span> 
     </span>
     <span class='ocr_line' id='line_1_10' title="bbox 380 1418 1202 1536; baseline 0.002 -27"><span class='ocrx_word' id='word_1_31' title='bbox 380 1520 386 1536; x_wconf 73' lang='lat'>.</span> <span class='ocrx_word' id='word_1_32' title='bbox 427 1442 637 1512; x_wconf 74' lang='lat' dir='ltr'>charissime</span> <span class='ocrx_word' id='word_1_33' title='bbox 650 1445 684 1509; x_wconf 76' lang='lat' dir='ltr'>in</span> <span class='ocrx_word' id='word_1_34' title='bbox 701 1446 766 1511; x_wconf 84' lang='lat' dir='ltr'>x.⁰</span> <span class='ocrx_word' id='word_1_35' title='bbox 788 1446 880 1513; x_wconf 82' lang='lat' dir='ltr'>une.</span> <span class='ocrx_word' id='word_1_36' title='bbox 904 1418 1001 1531; x_wconf 59' lang='lat' dir='ltr'>neg.</span> <span class='ocrx_word' id='word_1_37' title='bbox 1019 1444 1170 1511; x_wconf 76' lang='lat' dir='ltr'>Andrea.</span> <span class='ocrx_word' id='word_1_38' title='bbox 1194 1458 1202 1477; x_wconf 57' lang='grc'><strong>«</strong></span> 
     </span>
    </p>

    <p class='ocr_par' dir='ltr' id='par_1_6' title="bbox 335 1556 1590 3958">
     <span class='ocr_line' id='line_1_11' title="bbox 425 1556 1590 1645; baseline -0.002 -20"><span class='ocrx_word' id='word_1_39' title='bbox 425 1561 480 1625; x_wconf 90' lang='lat' dir='ltr'>De</span> <span class='ocrx_word' id='word_1_40' title='bbox 495 1557 619 1625; x_wconf 88' lang='lat' dir='ltr'>vestris</span> <span class='ocrx_word' id='word_1_41' title='bbox 634 1558 670 1625; x_wconf 92' lang='lat' dir='ltr'>in</span> <span class='ocrx_word' id='word_1_42' title='bbox 686 1558 799 1625; x_wconf 89' lang='lat' dir='ltr'>studio</span> <span class='ocrx_word' id='word_1_43' title='bbox 817 1558 1011 1645; x_wconf 83' lang='lat' dir='ltr'>theologiae</span> <span class='ocrx_word' id='word_1_44' title='bbox 1032 1556 1244 1644; x_wconf 83' lang='lat' dir='ltr'>profectibus</span> <span class='ocrx_word' id='word_1_45' title='bbox 1259 1568 1294 1625; x_wconf 86' lang='lat' dir='ltr'>et</span> <span class='ocrx_word' id='word_1_46' title='bbox 1314 1556 1389 1623; x_wconf 90' lang='lat' dir='ltr'>aliis</span> <span class='ocrx_word' id='word_1_47' title='bbox 1405 1556 1470 1623; x_wconf 91' lang='lat' dir='ltr'>Dei</span> <span class='ocrx_word' id='word_1_48' title='bbox 1485 1556 1590 1623; x_wconf 91' lang='lat' dir='ltr'>donis</span> 
     </span>
     <span class='ocr_line' id='line_1_12' title="bbox 359 1669 1580 1761; baseline -0.001 -23"><span class='ocrx_word' id='word_1_49' title='bbox 359 1675 638 1760; x_wconf 81' lang='lat' dir='ltr'>congratulamur</span> <span class='ocrx_word' id='word_1_50' title='bbox 654 1672 690 1741; x_wconf 93' lang='lat' dir='ltr'>in</span> <span class='ocrx_word' id='word_1_51' title='bbox 717 1674 878 1755; x_wconf 82' lang='lat' dir='ltr'>Domin03</span> <span class='ocrx_word' id='word_1_52' title='bbox 900 1676 945 1744; x_wconf 90' lang='lat' dir='ltr'>de</span> <span class='ocrx_word' id='word_1_53' title='bbox 965 1669 1088 1761; x_wconf 88' lang='lat' dir='ltr'>spiritu</span> <span class='ocrx_word' id='word_1_54' title='bbox 1115 1694 1197 1741; x_wconf 90' lang='lat' dir='ltr'>vero</span> <span class='ocrx_word' id='word_1_55' title='bbox 1217 1672 1447 1760; x_wconf 86' lang='lat' dir='ltr'>praedicandi,</span> <span class='ocrx_word' id='word_1_56' title='bbox 1465 1685 1501 1738; x_wconf 89' lang='lat' dir='ltr'>et</span> <span class='ocrx_word' id='word_1_57' title='bbox 1517 1672 1580 1740; x_wconf 85' lang='lat' dir='ltr'>fer·</span> 
     </span>
     <span class='ocr_line' id='line_1_13' title="bbox 358 1788 1581 1877; baseline -0.002 -23"><span class='ocrx_word' id='word_1_58' title='bbox 358 1810 441 1857; x_wconf 89' lang='lat' dir='ltr'>uore</span> <span class='ocrx_word' id='word_1_59' title='bbox 456 1810 496 1856; x_wconf 89' lang='lat' dir='ltr'>ac</span> <span class='ocrx_word' id='word_1_60' title='bbox 513 1789 624 1875; x_wconf 84' lang='lat' dir='ltr'>gratia</span> <span class='ocrx_word' id='word_1_61' title='bbox 636 1792 750 1877; x_wconf 89' lang='lat' dir='ltr'>(quam</span> <span class='ocrx_word' id='word_1_62' title='bbox 763 1790 883 1857; x_wconf 90' lang='lat' dir='ltr'>scribis</span> <span class='ocrx_word' id='word_1_63' title='bbox 899 1812 920 1856; x_wconf 93' lang='lat' dir='ltr'>a</span> <span class='ocrx_word' id='word_1_64' title='bbox 934 1792 1010 1859; x_wconf 90' lang='lat' dir='ltr'>Deo</span> <span class='ocrx_word' id='word_1_65' title='bbox 1026 1788 1087 1856; x_wconf 91' lang='lat' dir='ltr'>tibi</span> <span class='ocrx_word' id='word_1_66' title='bbox 1100 1790 1310 1873; x_wconf 82' lang='lat' dir='ltr'>concessam)</span> <span class='ocrx_word' id='word_1_67' title='bbox 1331 1810 1376 1855; x_wconf 90' lang='lat' dir='ltr'>an</span> <span class='ocrx_word' id='word_1_68' title='bbox 1395 1799 1581 1875; x_wconf 83' lang='lat' dir='ltr'>congratu-</span> 
     </span>
     <span class='ocr_line' id='line_1_14' title="bbox 356 1903 1584 1991; baseline 0 -23"><span class='ocrx_word' id='word_1_69' title='bbox 356 1903 418 1969; x_wconf 91' lang='lat' dir='ltr'>lari</span> <span class='ocrx_word' id='word_1_70' title='bbox 434 1916 603 1991; x_wconf 78' lang='lat' dir='ltr'>oporteat,</span> <span class='ocrx_word' id='word_1_71' title='bbox 620 1906 831 1987; x_wconf 61' lang='lat' dir='ltr'>dubitamus</span> <span class='ocrx_word' id='word_1_72' title='bbox 851 1917 887 1972; x_wconf 88' lang='lat' dir='ltr'>vt</span> <span class='ocrx_word' id='word_1_73' title='bbox 903 1905 976 1991; x_wconf 81' lang='lat' dir='ltr'>qui,</span> <span class='ocrx_word' id='word_1_74' title='bbox 996 1906 1104 1973; x_wconf 88' lang='lat' dir='ltr'>Paulo</span> <span class='ocrx_word' id='word_1_75' title='bbox 1119 1906 1298 1985; x_wconf 82' lang='lat' dir='ltr'>edocente,</span> <span class='ocrx_word' id='word_1_76' title='bbox 1316 1926 1384 1971; x_wconf 91' lang='lat' dir='ltr'>non</span> <span class='ocrx_word' id='word_1_77' title='bbox 1400 1926 1477 1971; x_wconf 86' lang='lat' dir='ltr'>esse</span> <span class='ocrx_word' id='word_1_78' title='bbox 1488 1903 1584 1970; x_wconf 91' lang='lat' dir='ltr'>omni</span> 
     </span>
     <span class='ocr_line' id='line_1_15' title="bbox 355 2018 1585 2113; baseline 0.002 -30"><span class='ocrx_word' id='word_1_79' title='bbox 355 2018 489 2105; x_wconf 88' lang='lat' dir='ltr'>spiritui</span> <span class='ocrx_word' id='word_1_80' title='bbox 504 2022 713 2113; x_wconf 76' lang='lat' dir='ltr'>credendum</span> <span class='ocrx_word' id='word_1_81' title='bbox 729 2022 741 2054; x_wconf 75' lang='lat'>²</span> <span class='ocrx_word' id='word_1_82' title='bbox 758 2020 994 2109; x_wconf 60' lang='lat' dir='ltr'>intelligimus</span> <span class='ocrx_word' id='word_1_83' title='bbox 1013 2020 1127 2087; x_wconf 88' lang='lat' dir='ltr'>omnia</span> <span class='ocrx_word' id='word_1_84' title='bbox 1148 2032 1263 2088; x_wconf 88' lang='lat' dir='ltr'>tamen</span> <span class='ocrx_word' id='word_1_85' title='bbox 1278 2020 1418 2087; x_wconf 86' lang='lat' dir='ltr'>meliora</span> <span class='ocrx_word' id='word_1_86' title='bbox 1434 2028 1469 2087; x_wconf 86' lang='lat' dir='ltr'>et</span> <span class='ocrx_word' id='word_1_87' title='bbox 1485 2030 1585 2103; x_wconf 84' lang='lat' dir='ltr'>opta-</span> 
     </span>
     <span class='ocr_line' id='line_1_16' title="bbox 354 2134 1584 2223; baseline 0 -24"><span class='ocrx_word' id='word_1_88' title='bbox 354 2155 430 2201; x_wconf 90' lang='lat' dir='ltr'>mus</span> <span class='ocrx_word' id='word_1_89' title='bbox 446 2144 480 2201; x_wconf 90' lang='lat' dir='ltr'>et</span> <span class='ocrx_word' id='word_1_90' title='bbox 496 2156 673 2221; x_wconf 88' lang='lat' dir='ltr'>speramus</span> <span class='ocrx_word' id='word_1_91' title='bbox 689 2136 725 2201; x_wconf 93' lang='lat' dir='ltr'>in</span> <span class='ocrx_word' id='word_1_92' title='bbox 741 2136 805 2201; x_wconf 86' lang='lat' dir='ltr'>X.⁰</span> <span class='ocrx_word' id='word_1_93' title='bbox 829 2138 925 2223; x_wconf 89' lang='lat' dir='ltr'>Jesu.</span> <span class='ocrx_word' id='word_1_94' title='bbox 955 2137 1025 2204; x_wconf 89' lang='lat' dir='ltr'>Sed</span> <span class='ocrx_word' id='word_1_95' title='bbox 1052 2135 1093 2216; x_wconf 91' lang='lat' dir='ltr'>si,</span> <span class='ocrx_word' id='word_1_96' title='bbox 1119 2135 1289 2219; x_wconf 90' lang='lat' dir='ltr'>quomodo</span> <span class='ocrx_word' id='word_1_97' title='bbox 1317 2134 1361 2200; x_wconf 88' lang='lat' dir='ltr'>sit</span> <span class='ocrx_word' id='word_1_98' title='bbox 1380 2134 1584 2220; x_wconf 89' lang='lat' dir='ltr'>probandus</span> 
     </span>
     <span class='ocr_line' id='line_1_17' title="bbox 352 2248 1580 2336; baseline 0 -23"><span class='ocrx_word' id='word_1_99' title='bbox 352 2248 549 2316; x_wconf 88' lang='lat' dir='ltr'>huiusmodi</span> <span class='ocrx_word' id='word_1_100' title='bbox 565 2249 717 2336; x_wconf 76' lang='lat' dir='ltr'>spirituS,</span> <span class='ocrx_word' id='word_1_101' title='bbox 740 2273 784 2318; x_wconf 91' lang='lat' dir='ltr'>an</span> <span class='ocrx_word' id='word_1_102' title='bbox 803 2272 846 2317; x_wconf 82' lang='lat' dir='ltr'>ex</span> <span class='ocrx_word' id='word_1_103' title='bbox 874 2252 949 2319; x_wconf 92' lang='lat' dir='ltr'>Deo</span> <span class='ocrx_word' id='word_1_104' title='bbox 976 2251 1032 2331; x_wconf 85' lang='lat' dir='ltr'>sit,</span> <span class='ocrx_word' id='word_1_105' title='bbox 1051 2272 1186 2336; x_wconf 57' lang='lat' dir='ltr'>queram</span> <span class='ocrx_word' id='word_1_106' title='bbox 1209 2248 1402 2317; x_wconf 85' lang='lat' dir='ltr'>iaciendum</span> <span class='ocrx_word' id='word_1_107' title='bbox 1418 2248 1580 2315; x_wconf 88' lang='lat' dir='ltr'>nimirum</span> 
     </span>
     <span class='ocr_line' id='line_1_18' title="bbox 351 2362 1582 2453; baseline 0.001 -24"><span class='ocrx_word' id='word_1_108' title='bbox 351 2362 413 2429; x_wconf 90' lang='lat' dir='ltr'>tibi</span> <span class='ocrx_word' id='word_1_109' title='bbox 429 2386 505 2433; x_wconf 87' lang='lat' dir='ltr'>esse</span> <span class='ocrx_word' id='word_1_110' title='bbox 520 2364 709 2451; x_wconf 89' lang='lat' dir='ltr'>periculum</span> <span class='ocrx_word' id='word_1_111' title='bbox 726 2365 848 2447; x_wconf 82' lang='lat' dir='ltr'>sentiO,</span> <span class='ocrx_word' id='word_1_112' title='bbox 867 2388 911 2433; x_wconf 86' lang='lat' dir='ltr'>an</span> <span class='ocrx_word' id='word_1_113' title='bbox 927 2388 968 2433; x_wconf 88' lang='lat' dir='ltr'>ea</span> <span class='ocrx_word' id='word_1_114' title='bbox 985 2365 1019 2432; x_wconf 91' lang='lat' dir='ltr'>in</span> <span class='ocrx_word' id='word_1_115' title='bbox 1040 2376 1137 2453; x_wconf 92' lang='lat' dir='ltr'>parte</span> <span class='ocrx_word' id='word_1_116' title='bbox 1158 2364 1373 2433; x_wconf 87' lang='lat' dir='ltr'>obedientiae</span> <span class='ocrx_word' id='word_1_117' title='bbox 1393 2364 1517 2431; x_wconf 90' lang='lat' dir='ltr'>subiici</span> <span class='ocrx_word' id='word_1_118' title='bbox 1534 2365 1582 2432; x_wconf 89' lang='lat' dir='ltr'>sit</span> 
     </span>
     <span class='ocr_line' id='line_1_19' title="bbox 350 2480 1579 2576; baseline 0.005 -31"><span class='ocrx_word' id='word_1_119' title='bbox 350 2500 458 2565; x_wconf 88' lang='lat' dir='ltr'>graue</span> <span class='ocrx_word' id='word_1_120' title='bbox 475 2480 535 2546; x_wconf 89' lang='lat' dir='ltr'>tibi</span> <span class='ocrx_word' id='word_1_121' title='bbox 551 2495 612 2548; x_wconf 89' lang='lat' dir='ltr'>aut</span> <span class='ocrx_word' id='word_1_122' title='bbox 632 2483 825 2550; x_wconf 88' lang='lat' dir='ltr'>molestum.</span> <span class='ocrx_word' id='word_1_123' title='bbox 846 2483 949 2568; x_wconf 84' lang='lat' dir='ltr'>Quod</span> <span class='ocrx_word' id='word_1_124' title='bbox 969 2483 999 2549; x_wconf 92' lang='lat' dir='ltr'>si</span> <span class='ocrx_word' id='word_1_125' title='bbox 1015 2503 1083 2548; x_wconf 91' lang='lat' dir='ltr'>non</span> <span class='ocrx_word' id='word_1_126' title='bbox 1108 2503 1226 2576; x_wconf 89' lang='lat' dir='ltr'>posses</span> <span class='ocrx_word' id='word_1_127' title='bbox 1252 2482 1471 2566; x_wconf 85' lang='lat' dir='ltr'>acquiescere</span> <span class='ocrx_word' id='word_1_128' title='bbox 1493 2481 1579 2551; x_wconf 84' lang='lat' dir='ltr'>Dni.</span> 
     </span>
     <span class='ocr_line' id='line_1_20' title="bbox 351 2594 1581 2688; baseline 0.004 -27"><span class='ocrx_word' id='word_1_129' title='bbox 351 2594 442 2661; x_wconf 90' lang='lat' dir='ltr'>Mtri.</span> <span class='ocrx_word' id='word_1_130' title='bbox 461 2594 605 2663; x_wconf 87' lang='lat' dir='ltr'>Adriani</span> <span class='ocrx_word' id='word_1_131' title='bbox 626 2608 661 2663; x_wconf 88' lang='lat' dir='ltr'>et</span> <span class='ocrx_word' id='word_1_132' title='bbox 686 2597 778 2667; x_wconf 92' lang='lat' dir='ltr'>Mtri.</span> <span class='ocrx_word' id='word_1_133' title='bbox 802 2597 954 2667; x_wconf 84' lang='lat' dir='ltr'>Cornelii</span> <span class='ocrx_word' id='word_1_134' title='bbox 977 2600 989 2633; x_wconf 84' lang='lat'><strong>³</strong></span> <span class='ocrx_word' id='word_1_135' title='bbox 1007 2596 1162 2688; x_wconf 80' lang='lat' dir='ltr'>consiliu,</span> <span class='ocrx_word' id='word_1_136' title='bbox 1180 2594 1335 2682; x_wconf 90' lang='lat' dir='ltr'>spiritum</span> <span class='ocrx_word' id='word_1_137' title='bbox 1352 2596 1445 2662; x_wconf 90' lang='lat' dir='ltr'>illum</span> <span class='ocrx_word' id='word_1_138' title='bbox 1466 2620 1488 2663; x_wconf 92' lang='lat' dir='ltr'>a</span> <span class='ocrx_word' id='word_1_139' title='bbox 1502 2600 1581 2666; x_wconf 90' lang='lat' dir='ltr'>Deo</span> 
     </span>
     <span class='ocr_line' id='line_1_21' title="bbox 348 2708 1578 2799; baseline 0.004 -24"><span class='ocrx_word' id='word_1_140' title='bbox 348 2732 418 2777; x_wconf 94' lang='lat' dir='ltr'>non</span> <span class='ocrx_word' id='word_1_141' title='bbox 435 2732 510 2779; x_wconf 88' lang='lat' dir='ltr'>esse</span> <span class='ocrx_word' id='word_1_142' title='bbox 531 2712 593 2778; x_wconf 93' lang='lat' dir='ltr'>tibi</span> <span class='ocrx_word' id='word_1_143' title='bbox 620 2715 841 2799; x_wconf 86' lang='lat' dir='ltr'>persuadeas.</span> <span class='ocrx_word' id='word_1_144' title='bbox 869 2715 959 2781; x_wconf 92' lang='lat' dir='ltr'>Cum</span> <span class='ocrx_word' id='word_1_145' title='bbox 986 2714 1076 2782; x_wconf 88' lang='lat' dir='ltr'>enim</span> <span class='ocrx_word' id='word_1_146' title='bbox 1103 2715 1270 2779; x_wconf 92' lang='lat' dir='ltr'>bonorum</span> <span class='ocrx_word' id='word_1_147' title='bbox 1287 2708 1485 2780; x_wconf 86' lang='lat' dir='ltr'>hostrorum</span> <span class='ocrx_word' id='word_1_148' title='bbox 1507 2736 1578 2782; x_wconf 89' lang='lat' dir='ltr'>non</span> 
     </span>
     <span class='ocr_line' id='line_1_22' title="bbox 342 2828 1570 2914; baseline 0.005 -22"><span class='ocrx_word' id='word_1_149' title='bbox 342 2837 445 2912; x_wconf 83' lang='lat' dir='ltr'>egeat</span> <span class='ocrx_word' id='word_1_150' title='bbox 462 2829 556 2896; x_wconf 88' lang='lat' dir='ltr'>Deus</span> <span class='ocrx_word' id='word_1_151' title='bbox 572 2829 613 2894; x_wconf 91' lang='lat' dir='ltr'>ad</span> <span class='ocrx_word' id='word_1_152' title='bbox 631 2829 864 2896; x_wconf 88' lang='lat' dir='ltr'>reductionem</span> <span class='ocrx_word' id='word_1_153' title='bbox 876 2829 1067 2896; x_wconf 89' lang='lat' dir='ltr'>animarum</span> <span class='ocrx_word' id='word_1_154' title='bbox 1079 2829 1123 2896; x_wconf 92' lang='lat' dir='ltr'>ad</span> <span class='ocrx_word' id='word_1_155' title='bbox 1135 2849 1173 2896; x_wconf 91' lang='lat' dir='ltr'>se</span> <span class='ocrx_word' id='word_1_156' title='bbox 1187 2828 1312 2914; x_wconf 88' lang='lat' dir='ltr'>ipsum,</span> <span class='ocrx_word' id='word_1_157' title='bbox 1327 2829 1434 2895; x_wconf 88' lang='lat' dir='ltr'>vtitur</span> <span class='ocrx_word' id='word_1_158' title='bbox 1449 2851 1570 2898; x_wconf 87' lang='lat' dir='ltr'>eorum</span> 
     </span>
     <span class='ocr_line' id='line_1_23' title="bbox 346 2941 1575 3031; baseline 0.003 -23"><span class='ocrx_word' id='word_1_159' title='bbox 346 2941 548 3025; x_wconf 89' lang='lat' dir='ltr'>ministeri0,</span> <span class='ocrx_word' id='word_1_160' title='bbox 571 2964 658 3029; x_wconf 88' lang='lat' dir='ltr'>quos</span> <span class='ocrx_word' id='word_1_161' title='bbox 674 2943 748 3030; x_wconf 88' lang='lat' dir='ltr'>ipse</span> <span class='ocrx_word' id='word_1_162' title='bbox 762 2945 807 3010; x_wconf 90' lang='lat' dir='ltr'>ad</span> <span class='ocrx_word' id='word_1_163' title='bbox 827 2943 862 3010; x_wconf 93' lang='lat' dir='ltr'>id</span> <span class='ocrx_word' id='word_1_164' title='bbox 882 2965 1006 3011; x_wconf 89' lang='lat' dir='ltr'>vocare</span> <span class='ocrx_word' id='word_1_165' title='bbox 1032 2943 1210 3031; x_wconf 87' lang='lat' dir='ltr'>dignatur.</span> <span class='ocrx_word' id='word_1_166' title='bbox 1238 2946 1318 3029; x_wconf 80' lang='lat' dir='ltr'>Quo</span> <span class='ocrx_word' id='word_1_167' title='bbox 1339 2956 1453 3010; x_wconf 86' lang='lat' dir='ltr'>autern</span> <span class='ocrx_word' id='word_1_168' title='bbox 1471 2947 1575 3012; x_wconf 91' lang='lat' dir='ltr'>modo</span> 
     </span>
     <span class='ocr_line' id='line_1_24' title="bbox 346 3059 1572 3146; baseline 0.005 -25"><span class='ocrx_word' id='word_1_169' title='bbox 346 3069 379 3122; x_wconf 84' lang='lat' dir='ltr'>te</span> <span class='ocrx_word' id='word_1_170' title='bbox 395 3059 509 3126; x_wconf 86' lang='lat' dir='ltr'>vocari</span> <span class='ocrx_word' id='word_1_171' title='bbox 526 3082 546 3126; x_wconf 89' lang='lat' dir='ltr'>a</span> <span class='ocrx_word' id='word_1_172' title='bbox 561 3061 638 3127; x_wconf 90' lang='lat' dir='ltr'>Deo</span> <span class='ocrx_word' id='word_1_173' title='bbox 654 3059 790 3145; x_wconf 90' lang='lat' dir='ltr'>judices</span> <span class='ocrx_word' id='word_1_174' title='bbox 816 3060 858 3126; x_wconf 90' lang='lat' dir='ltr'>ad</span> <span class='ocrx_word' id='word_1_175' title='bbox 886 3059 983 3141; x_wconf 88' lang='lat' dir='ltr'>illud,</span> <span class='ocrx_word' id='word_1_176' title='bbox 1005 3083 1025 3126; x_wconf 91' lang='lat' dir='ltr'>a</span> <span class='ocrx_word' id='word_1_177' title='bbox 1051 3071 1171 3146; x_wconf 91' lang='lat' dir='ltr'>quote</span> <span class='ocrx_word' id='word_1_178' title='bbox 1196 3059 1392 3128; x_wconf 86' lang='lat' dir='ltr'>obedientia</span> <span class='ocrx_word' id='word_1_179' title='bbox 1419 3073 1572 3141; x_wconf 87' lang='lat' dir='ltr'>reuocat,</span> 
     </span>
     <span class='ocr_line' id='line_1_25' title="bbox 345 3174 1573 3262; baseline 0.002 -22"><span class='ocrx_word' id='word_1_180' title='bbox 345 3195 447 3259; x_wconf 87' lang='lat' dir='ltr'>quam</span> <span class='ocrx_word' id='word_1_181' title='bbox 460 3176 680 3262; x_wconf 86' lang='lat' dir='ltr'>interpretem</span> <span class='ocrx_word' id='word_1_182' title='bbox 694 3175 831 3244; x_wconf 85' lang='lat' dir='ltr'>diuinae</span> <span class='ocrx_word' id='word_1_183' title='bbox 843 3175 1030 3242; x_wconf 85' lang='lat' dir='ltr'>voluntatis</span> <span class='ocrx_word' id='word_1_184' title='bbox 1046 3175 1108 3241; x_wconf 91' lang='lat' dir='ltr'>tibi</span> <span class='ocrx_word' id='word_1_185' title='bbox 1120 3174 1294 3262; x_wconf 81' lang='lat' dir='ltr'>delegisti?</span> <span class='ocrx_word' id='word_1_186' title='bbox 1306 3176 1441 3242; x_wconf 86' lang='lat' dir='ltr'>Addam</span> <span class='ocrx_word' id='word_1_187' title='bbox 1455 3175 1573 3255; x_wconf 82' lang='lat' dir='ltr'>etiam,</span> 
     </span>
     <span class='ocr_line' id='line_1_26' title="bbox 344 3290 1574 3376; baseline 0 -18"><span class='ocrx_word' id='word_1_188' title='bbox 344 3290 545 3360; x_wconf 87' lang='lat' dir='ltr'>charissime</span> <span class='ocrx_word' id='word_1_189' title='bbox 566 3292 720 3374; x_wconf 75' lang='lat' dir='ltr'>Amitae,</span> <span class='ocrx_word' id='word_1_190' title='bbox 738 3293 830 3376; x_wconf 90' lang='lat' dir='ltr'>quod</span> <span class='ocrx_word' id='word_1_191' title='bbox 855 3295 961 3360; x_wconf 88' lang='lat' dir='ltr'>Pater</span> <span class='ocrx_word' id='word_1_192' title='bbox 979 3290 1014 3358; x_wconf 92' lang='lat' dir='ltr'>in</span> <span class='ocrx_word' id='word_1_193' title='bbox 1035 3293 1101 3360; x_wconf 86' lang='lat' dir='ltr'>X.⁰</span> <span class='ocrx_word' id='word_1_194' title='bbox 1124 3301 1251 3371; x_wconf 88' lang='lat' dir='ltr'>noster,</span> <span class='ocrx_word' id='word_1_195' title='bbox 1278 3312 1314 3357; x_wconf 91' lang='lat' dir='ltr'>re</span> <span class='ocrx_word' id='word_1_196' title='bbox 1341 3291 1471 3370; x_wconf 88' lang='lat' dir='ltr'>audita,</span> <span class='ocrx_word' id='word_1_197' title='bbox 1491 3291 1574 3358; x_wconf 91' lang='lat' dir='ltr'>mihi</span> 
     </span>
     <span class='ocr_line' id='line_1_27' title="bbox 344 3405 1570 3494; baseline 0.003 -22"><span class='ocrx_word' id='word_1_198' title='bbox 344 3407 530 3494; x_wconf 88' lang='lat' dir='ltr'>respondit,</span> <span class='ocrx_word' id='word_1_199' title='bbox 555 3407 753 3476; x_wconf 88' lang='lat' dir='ltr'>discendam</span> <span class='ocrx_word' id='word_1_200' title='bbox 776 3407 894 3494; x_wconf 89' lang='lat' dir='ltr'>vtique</span> <span class='ocrx_word' id='word_1_201' title='bbox 922 3405 982 3473; x_wconf 92' lang='lat' dir='ltr'>tibi</span> <span class='ocrx_word' id='word_1_202' title='bbox 1011 3427 1087 3475; x_wconf 87' lang='lat' dir='ltr'>esse</span> <span class='ocrx_word' id='word_1_203' title='bbox 1109 3405 1309 3492; x_wconf 89' lang='lat' dir='ltr'>diligentius</span> <span class='ocrx_word' id='word_1_204' title='bbox 1328 3407 1570 3476; x_wconf 87' lang='lat' dir='ltr'>obedientiam.</span> 
     </span>
     <span class='ocr_line' id='line_1_28' title="bbox 341 3521 1573 3620; baseline 0.002 -30"><span class='ocrx_word' id='word_1_205' title='bbox 341 3525 421 3610; x_wconf 85' lang='lat' dir='ltr'>Age</span> <span class='ocrx_word' id='word_1_206' title='bbox 437 3545 533 3610; x_wconf 83' lang='lat' dir='ltr'>ergo,</span> <span class='ocrx_word' id='word_1_207' title='bbox 551 3533 599 3604; x_wconf 88' lang='lat' dir='ltr'>et,</span> <span class='ocrx_word' id='word_1_208' title='bbox 617 3522 781 3620; x_wconf 74' lang='lat' dir='ltr'>incertam</span> <span class='ocrx_word' id='word_1_209' title='bbox 799 3544 839 3589; x_wconf 88' lang='lat' dir='ltr'>ac</span> <span class='ocrx_word' id='word_1_210' title='bbox 854 3521 1080 3609; x_wconf 88' lang='lat' dir='ltr'>periculosam</span> <span class='ocrx_word' id='word_1_211' title='bbox 1094 3521 1185 3588; x_wconf 87' lang='lat' dir='ltr'>viam</span> <span class='ocrx_word' id='word_1_212' title='bbox 1201 3522 1425 3607; x_wconf 86' lang='lat' dir='ltr'>relinquendo</span> <span class='ocrx_word' id='word_1_213' title='bbox 1441 3525 1573 3610; x_wconf 86' lang='lat' dir='ltr'>proprii</span> 
     </span>
     <span class='ocr_line' id='line_1_29' title="bbox 335 3623 1572 3724; baseline 0.003 -20"><span class='ocrx_word' id='word_1_214' title='bbox 335 3638 469 3723; x_wconf 83' lang='lat' dir='ltr'>judicii,</span> <span class='ocrx_word' id='word_1_215' title='bbox 488 3647 616 3705; x_wconf 90' lang='lat' dir='ltr'>certam</span> <span class='ocrx_word' id='word_1_216' title='bbox 638 3660 678 3705; x_wconf 86' lang='lat' dir='ltr'>ao</span> <span class='ocrx_word' id='word_1_217' title='bbox 695 3660 849 3707; x_wconf 86' lang='lat' dir='ltr'>securam</span> <span class='ocrx_word' id='word_1_218' title='bbox 878 3649 998 3704; x_wconf 89' lang='lat' dir='ltr'>sancte</span> <span class='ocrx_word' id='word_1_219' title='bbox 1013 3636 1227 3704; x_wconf 87' lang='lat' dir='ltr'>obedientiae</span> <span class='ocrx_word' id='word_1_220' title='bbox 1243 3657 1397 3722; x_wconf 89' lang='lat' dir='ltr'>sequere.</span> <span class='ocrx_word' id='word_1_221' title='bbox 1419 3623 1462 3704; x_wconf 88' lang='lat' dir='ltr'>Et</span> <span class='ocrx_word' id='word_1_222' title='bbox 1477 3643 1572 3724; x_wconf 91' lang='lat' dir='ltr'>quod</span> 
     </span>
     <span class='ocr_line' id='line_1_30' title="bbox 341 3751 1570 3831; baseline 0.004 -12"><span class='ocrx_word' id='word_1_223' title='bbox 341 3755 403 3822; x_wconf 91' lang='lat' dir='ltr'>tibi</span> <span class='ocrx_word' id='word_1_224' title='bbox 419 3754 548 3821; x_wconf 89' lang='lat' dir='ltr'>dictum</span> <span class='ocrx_word' id='word_1_225' title='bbox 572 3754 674 3822; x_wconf 84' lang='lat' dir='ltr'>luerit</span> <span class='ocrx_word' id='word_1_226' title='bbox 697 3776 716 3820; x_wconf 91' lang='lat' dir='ltr'>a</span> <span class='ocrx_word' id='word_1_227' title='bbox 744 3753 905 3820; x_wconf 85' lang='lat' dir='ltr'>Patribus</span> <span class='ocrx_word' id='word_1_228' title='bbox 926 3766 961 3821; x_wconf 86' lang='lat' dir='ltr'>et</span> <span class='ocrx_word' id='word_1_229' title='bbox 988 3752 1151 3819; x_wconf 85' lang='lat' dir='ltr'>iratribus</span> <span class='ocrx_word' id='word_1_230' title='bbox 1174 3752 1253 3831; x_wconf 78' lang='lat' dir='ltr'>tuis,</span> <span class='ocrx_word' id='word_1_231' title='bbox 1272 3751 1307 3817; x_wconf 92' lang='lat' dir='ltr'>id</span> <span class='ocrx_word' id='word_1_232' title='bbox 1332 3753 1472 3822; x_wconf 90' lang='lat' dir='ltr'>demum</span> <span class='ocrx_word' id='word_1_233' title='bbox 1493 3759 1570 3824; x_wconf 90' lang='lat' dir='ltr'>Deo</span> 
     </span>
     <span class='ocr_line' id='line_1_31' title="bbox 340 3867 1344 3958; baseline 0 -23"><span class='ocrx_word' id='word_1_234' title='bbox 340 3872 487 3958; x_wconf 84' lang='lat' dir='ltr'>placere,</span> <span class='ocrx_word' id='word_1_235' title='bbox 506 3879 541 3936; x_wconf 91' lang='lat' dir='ltr'>et</span> <span class='ocrx_word' id='word_1_236' title='bbox 558 3869 618 3935; x_wconf 91' lang='lat' dir='ltr'>tibi</span> <span class='ocrx_word' id='word_1_237' title='bbox 635 3869 795 3956; x_wconf 83' lang='lat' dir='ltr'>expedire</span> <span class='ocrx_word' id='word_1_238' title='bbox 811 3891 851 3936; x_wconf 90' lang='lat' dir='ltr'>ac</span> <span class='ocrx_word' id='word_1_239' title='bbox 868 3867 1029 3955; x_wconf 84' lang='lat' dir='ltr'>proximis</span> <span class='ocrx_word' id='word_1_240' title='bbox 1044 3867 1161 3947; x_wconf 87' lang='lat' dir='ltr'>etiam,</span> <span class='ocrx_word' id='word_1_241' title='bbox 1178 3867 1344 3935; x_wconf 83' lang='lat' dir='ltr'>iudicato.</span> 
     </span>
    </p>
   </div>
   <div class='ocr_carea' id='block_1_6' title="bbox 342 3993 540 4004">
    <p class='ocr_par' dir='ltr' id='par_1_7' title="bbox 342 3993 540 4004">
     <span class='ocr_line' id='line_1_32' title="bbox 342 3993 540 4004; baseline 0.005 -2"><span class='ocrx_word' id='word_1_242' title='bbox 342 3993 540 4004; x_wconf 72' lang='lat'><em>———-.-</em></span> 
     </span>
    </p>
   </div>
   <div class='ocr_carea' id='block_1_7' title="bbox 334 4044 1582 4656">
    <p class='ocr_par' dir='ltr' id='par_1_8' title="bbox 336 4044 1582 4208">
     <span class='ocr_line' id='line_1_33' title="bbox 392 4044 1570 4120; baseline 0.004 -16"><span class='ocrx_word' id='word_1_243' title='bbox 392 4049 401 4080; x_wconf 79' lang='lat'>¹</span> <span class='ocrx_word' id='word_1_244' title='bbox 439 4049 483 4104; x_wconf 83' lang='lat' dir='ltr'>Ex</span> <span class='ocrx_word' id='word_1_245' title='bbox 496 4047 672 4103; x_wconf 84' lang='lat' dir='ltr'>adversariis</span> <span class='ocrx_word' id='word_1_246' title='bbox 685 4046 873 4120; x_wconf 82' lang='lat' dir='ltr'>autographis</span> <span class='ocrx_word' id='word_1_247' title='bbox 887 4047 921 4103; x_wconf 91' lang='lat' dir='ltr'>P.</span> <span class='ocrx_word' id='word_1_248' title='bbox 945 4046 1074 4117; x_wconf 72' lang='lat' dir='ltr'>Polemi,</span> <span class='ocrx_word' id='word_1_249' title='bbox 1089 4046 1119 4101; x_wconf 91' lang='lat' dir='ltr'>in</span> <span class='ocrx_word' id='word_1_250' title='bbox 1142 4044 1244 4102; x_wconf 85' lang='lat' dir='ltr'>codice</span> <span class='ocrx_word' id='word_1_251' title='bbox 1269 4045 1365 4120; x_wconf 70' lang='lat' dir='ltr'>Epist.</span> <span class='ocrx_word' id='word_1_252' title='bbox 1390 4049 1520 4107; x_wconf 80' lang='lat' dir='ltr'>Polanci</span> <span class='ocrx_word' id='word_1_253' title='bbox 1531 4068 1570 4109; x_wconf 74' lang='lat' dir='ltr'>ex</span> 
     </span>
     <span class='ocr_line' id='line_1_34' title="bbox 336 4128 1582 4208; baseline -0.006 -17"><span class='ocrx_word' id='word_1_254' title='bbox 336 4153 457 4201; x_wconf 73' lang='lat' dir='ltr'>comm„</span> <span class='ocrx_word' id='word_1_255' title='bbox 469 4133 625 4208; x_wconf 79' lang='lat' dir='ltr'>semiiolio‚</span> <span class='ocrx_word' id='word_1_256' title='bbox 638 4153 668 4200; x_wconf 78' lang='lat' dir='ltr'>u.</span> <span class='ocrx_word' id='word_1_257' title='bbox 685 4131 747 4203; x_wconf 86' lang='lat'>113,</span> <span class='ocrx_word' id='word_1_258' title='bbox 761 4135 842 4208; x_wconf 89' lang='lat' dir='ltr'>prius</span> <span class='ocrx_word' id='word_1_259' title='bbox 857 4135 918 4192; x_wconf 83' lang='lat'>116.</span> <span class='ocrx_word' id='word_1_260' title='bbox 1580 4128 1582 4135; x_wconf 89' lang='lat'>&#39;</span> 
     </span>
    </p>

    <p class='ocr_par' dir='ltr' id='par_1_9' title="bbox 337 4222 1568 4386">
     <span class='ocr_line' id='line_1_35' title="bbox 389 4222 1568 4298; baseline 0.008 -22"><span class='ocrx_word' id='word_1_261' title='bbox 389 4227 400 4260; x_wconf 76' lang='lat'><strong>¹</strong></span> <span class='ocrx_word' id='word_1_262' title='bbox 437 4224 637 4296; x_wconf 58' lang='lat' dir='ltr'>«Charissimh</span> <span class='ocrx_word' id='word_1_263' title='bbox 652 4224 745 4281; x_wconf 88' lang='lat' dir='ltr'>nolite</span> <span class='ocrx_word' id='word_1_264' title='bbox 763 4223 843 4280; x_wconf 88' lang='lat' dir='ltr'>omni</span> <span class='ocrx_word' id='word_1_265' title='bbox 865 4223 981 4295; x_wconf 88' lang='lat' dir='ltr'>spiritui</span> <span class='ocrx_word' id='word_1_266' title='bbox 1002 4223 1135 4296; x_wconf 83' lang='lat' dir='ltr'>credere,</span> <span class='ocrx_word' id='word_1_267' title='bbox 1153 4222 1207 4278; x_wconf 82' lang='lat' dir='ltr'>sed</span> <span class='ocrx_word' id='word_1_268' title='bbox 1220 4225 1343 4296; x_wconf 83' lang='lat' dir='ltr'>probate</span> <span class='ocrx_word' id='word_1_269' title='bbox 1356 4225 1476 4298; x_wconf 86' lang='lat' dir='ltr'>spiritus</span> <span class='ocrx_word' id='word_1_270' title='bbox 1489 4229 1515 4284; x_wconf 87' lang='lat' dir='ltr'>si</span> <span class='ocrx_word' id='word_1_271' title='bbox 1527 4246 1568 4286; x_wconf 86' lang='lat' dir='ltr'>ex</span> 
     </span>
     <span class='ocr_line' id='line_1_36' title="bbox 337 4313 760 4386; baseline -0.005 -16"><span class='ocrx_word' id='word_1_272' title='bbox 337 4316 402 4370; x_wconf 86' lang='lat' dir='ltr'>Deo</span> <span class='ocrx_word' id='word_1_273' title='bbox 415 4315 505 4372; x_wconf 78' lang='lat' dir='ltr'>sint.»</span> <span class='ocrx_word' id='word_1_274' title='bbox 519 4313 531 4368; x_wconf 90' lang='lat' dir='ltr'>l</span> <span class='ocrx_word' id='word_1_275' title='bbox 544 4314 653 4386; x_wconf 58' lang='lat' dir='ltr'>JOAN„</span> <span class='ocrx_word' id='word_1_276' title='bbox 664 4314 716 4381; x_wconf 87' lang='lat' dir='ltr'>IV,</span> <span class='ocrx_word' id='word_1_277' title='bbox 733 4325 760 4368; x_wconf 89' lang='lat'>1.</span> 
     </span>
    </p>

    <p class='ocr_par' dir='ltr' id='par_1_10' title="bbox 334 4399 1567 4656">
     <span class='ocr_line' id='line_1_37' title="bbox 388 4399 1567 4474; baseline 0.004 -17"><span class='ocrx_word' id='word_1_278' title='bbox 388 4403 399 4436; x_wconf 76' lang='lat'><strong>³</strong></span> <span class='ocrx_word' id='word_1_279' title='bbox 438 4402 584 4457; x_wconf 80' lang='lat' dir='ltr'>Adrianus</span> <span class='ocrx_word' id='word_1_280' title='bbox 599 4402 722 4458; x_wconf 79' lang='lat' dir='ltr'>Adriani</span> <span class='ocrx_word' id='word_1_281' title='bbox 734 4401 823 4458; x_wconf 85' lang='lat' dir='ltr'>sociis</span> <span class='ocrx_word' id='word_1_282' title='bbox 836 4399 1059 4458; x_wconf 84' lang='lat' dir='ltr'>lovaniensibus</span> <span class='ocrx_word' id='word_1_283' title='bbox 1071 4401 1255 4474; x_wconf 80' lang='lat' dir='ltr'>praepositus</span> <span class='ocrx_word' id='word_1_284' title='bbox 1268 4410 1345 4458; x_wconf 86' lang='lat' dir='ltr'>erat.</span> <span class='ocrx_word' id='word_1_285' title='bbox 1362 4404 1408 4459; x_wconf 88' lang='lat' dir='ltr'>De</span> <span class='ocrx_word' id='word_1_286' title='bbox 1425 4403 1567 4462; x_wconf 84' lang='lat' dir='ltr'>Cornelio</span> 
     </span>
     <span class='ocr_line' id='line_1_38' title="bbox 335 4490 1566 4567; baseline 0.004 -19"><span class='ocrx_word' id='word_1_287' title='bbox 335 4493 550 4564; x_wconf 83' lang='lat' dir='ltr'>Broghelmano</span> <span class='ocrx_word' id='word_1_288' title='bbox 563 4491 674 4547; x_wconf 87' lang='lat' dir='ltr'>mentio</span> <span class='ocrx_word' id='word_1_289' title='bbox 686 4491 720 4546; x_wconf 88' lang='lat' dir='ltr'>fit</span> <span class='ocrx_word' id='word_1_290' title='bbox 742 4491 867 4564; x_wconf 84' lang='lat' dir='ltr'>epistola</span> <span class='ocrx_word' id='word_1_291' title='bbox 886 4491 1048 4563; x_wconf 84' lang='lat' dir='ltr'>superiore,</span> <span class='ocrx_word' id='word_1_292' title='bbox 1070 4490 1107 4546; x_wconf 85' lang='lat' dir='ltr'>ad</span> <span class='ocrx_word' id='word_1_293' title='bbox 1127 4508 1216 4564; x_wconf 86' lang='lat' dir='ltr'>quem</span> <span class='ocrx_word' id='word_1_294' title='bbox 1238 4491 1328 4548; x_wconf 86' lang='lat' dir='ltr'>etiam</span> <span class='ocrx_word' id='word_1_295' title='bbox 1346 4493 1479 4567; x_wconf 84' lang='lat' dir='ltr'>proxime</span> <span class='ocrx_word' id='word_1_296' title='bbox 1488 4495 1566 4552; x_wconf 79' lang='lat' dir='ltr'>hanc</span> 
     </span>
     <span class='ocr_line' id='line_1_39' title="bbox 334 4579 999 4656; baseline -0.015 -17"><span class='ocrx_word' id='word_1_297' title='bbox 334 4599 462 4656; x_wconf 80' lang='lat' dir='ltr'>sequens</span> <span class='ocrx_word' id='word_1_298' title='bbox 480 4579 631 4637; x_wconf 88' lang='lat' dir='ltr'>scribitur.</span> <span class='ocrx_word' id='word_1_299' title='bbox 993 4597 999 4610; x_wconf 93' lang='lat'>·</span> 
     </span>
    </p>
   </div>
   <div class='ocr_carea' id='block_1_8' title="bbox 0 0 1818 5375">
    <p class='ocr_par' dir='ltr' id='par_1_11' title="bbox 0 0 1818 5375">
     <span class='ocr_line' id='line_1_40' title="bbox 0 0 1818 5375; baseline 0 13"><span class='ocrx_word' id='word_1_300' title='bbox 0 0 1818 5375; x_wconf 95' lang='lat' dir='ltr'> </span> 
     </span>
    </p>
   </div>
  </div>
 </body>
</html>
