3625 5375
397 423 451 491 ⁶7⁶
777 420 987 489 uonuuunm
1005 418 1182 476 lusxrrnun

360 585 513 640 mutuam
530 571 619 640 inter
636 572 728 657 ipsos
743 570 957 649 charitatem,
981 583 1053 636 tum
1077 570 1179 637 etiam
1200 572 1244 637 ad
1259 570 1476 637 excitandum
1498 568 1597 636 desi-

360 689 493 757 derium
510 710 551 754 ac
567 687 726 753 fiduciam
744 689 818 753 Deo
837 686 868 751 in
886 685 1075 753 animarum
1093 686 1219 753 auxilio
1231 685 1415 766 seruiendi,
1430 698 1467 749 vt
1479 685 1533 751 alii
1547 685 1602 753 de

361 805 436 871 aliis
452 803 604 884 audiant,
622 814 657 871 et
673 803 796 887 quouis
817 802 852 867 in
872 804 963 881 loc0,
986 803 1078 888 quod
1099 802 1225 887 vbique
1238 784 1406 889 operatur
1427 802 1607 868 Dominus

361 943 422 1006 per
445 919 583 985 minima
606 918 786 986 Societatis
809 918 1046 996 instrumenta,
1072 918 1296 1004 intelligatur,
1313 940 1397 988 ,cum
1420 939 1538 985 omnes
1561 916 1602 981 id

362 1035 595 1123 experimento
606 1033 806 1112 sentiamus,
822 1032 952 1101 ratione
964 1034 1169 1119 persuadere
1182 1041 1474 1119 superuacaneum
1487 1046 1601 1100 esset.

429 1151 478 1217 Ea
494 1150 537 1217 de
553 1171 656 1216 causa
669 1170 932 1233 quoquouersus
949 1150 991 1214 ad
1007 1150 1082 1215 loca
1094 1149 1301 1237 Socie[ta]tis
1313 1149 1477 1235 scriptum
1491 1149 1556 1215 fuit
1571 1152 1601 1228 ³,

363 1278 399 1330 vt
422 1277 544 1352 quarto
566 1286 702 1350 quoque
724 1286 840 1332 mense
860 1264 991 1332 litteras
1012 1266 1155 1331 Romam
1181 1265 1367 1345 mitterent,
1393 1265 1518 1350 quibus
1542 1286 1602 1365 ea,

364 1402 452 1466 quae
474 1378 690 1460 accidissent,
716 1401 805 1464 quae
828 1380 965 1465 quidem
990 1382 1033 1447 ad
1055 1381 1487 1461 edificationemfacerent,
1509 1402 1598 1446 con·

363 1496 607 1576 scriberentur,
638 1507 673 1560 vt
701 1496 837 1562 easdem
866 1495 924 1561 hic
951 1498 1069 1575 lectas,
1099 1497 1142 1562 ad
1165 1497 1257 1562 varia
1285 1498 1379 1576 loca,
1409 1496 1442 1561 in
1471 1497 1603 1580 quibus

365 1634 481 1698 sparsa
501 1623 553 1678 est
575 1611 742 1691 Societas,
766 1622 800 1677 et
823 1632 901 1677 cum
919 1613 1045 1697 quibus
1069 1633 1137 1677 non
1162 1622 1306 1697 possunt
1328 1613 1385 1679 alii
1409 1634 1509 1696 quam
1535 1633 1605 1678 nos

368 1729 551 1793 comodum
567 1726 694 1793 habere
710 1726 883 1792 literarum
901 1727 1120 1806 comercium,
1138 1728 1364 1796 mitteremus.

433 1843 521 1910 Cum
540 1854 653 1908 tamen
669 1845 735 1908 hoc
752 1866 772 1909 a
788 1843 907 1928 paucis
922 1857 957 1910 et
974 1866 1049 1909 raro
1065 1854 1222 1910 curatum
1239 1844 1296 1923 sit,
1315 1866 1444 1930 magno
1466 1855 1601 1928 tempo·

368 1959 414 2024 ris
436 1969 471 2024 et
494 1947 619 2025 laboris
642 1957 824 2042 impendi0,
850 1980 893 2025 ex
918 1958 1072 2045 plurimis
1093 1961 1334 2044 vndecumque
1351 1959 1462 2025 missis
1477 1957 1604 2024 litteris

367 2094 549 2158 excerpere
575 2096 628 2154 ea,
657 2095 744 2158 quae
771 2074 846 2140 aliis
869 2075 1118 2142 comunicanda
1142 2075 1351 2154 viderentur,
1375 2076 1466 2141 etin
1487 2076 1603 2141 varias

369 2189 508 2274 linguas
524 2200 667 2267 vertere,
686 2200 721 2253 et
738 2173 893 2273 pluribus
909 2189 1073 2275 exemplis
1089 2192 1131 2256 ad
1140 2192 1245 2276 ‚plura
1261 2192 1336 2255 loca
1353 2190 1487 2257 mittere
1499 2211 1602 2275 opor-

369 2303 446 2369 tuit.
465 2305 583 2388 ltaque
599 2325 677 2369 cum
696 2316 791 2371 tanto
808 2304 941 2371 facilius
957 2316 1047 2372 esset
1063 2305 1209 2391 singulis
1225 2305 1308 2371 locis
1325 2307 1478 2385 Romam,
1498 2327 1598 2390 quam

370 2420 422 2499 iis,
440 2441 528 2503 quae
545 2421 674 2487 Romae
689 2431 782 2499 sunt,
801 2413 961 2487 omnibus
977 2419 1051 2485 aliis
1066 2421 1253 2507 prouinciis
1269 2422 1430 2499 scribere,
1454 2421 1600 2507 diligen-

371 2535 438 2601 tius
455 2546 567 2603 tamen
585 2536 644 2621 qui
660 2536 715 2602 hic
731 2557 851 2601 sumus
867 2535 1068 2615 difficiliora,
1088 2558 1189 2621 quam
1206 2538 1265 2622 qui
1283 2539 1364 2603 loris
1381 2538 1542 2616 faciliora,
1568 2538 1602 2603 in

371 2654 435 2718 hac
451 2662 547 2736 parte
565 2650 786 2738 prestitimus.
806 2652 874 2720 Sed
892 2672 929 2718 re
945 2674 1025 2720 vera
1038 2652 1150 2720 edocti
1163 2675 1282 2719 sumus
1296 2653 1368 2740 ipsa
1380 2652 1602 2740 experientia,

371 2767 460 2834 inter
473 2779 540 2833 tam
556 2769 691 2849 multas,
706 2767 831 2852 quibus
843 2768 899 2832 hic
913 2768 1126 2848 distinemur,
1142 2770 1401 2856 occupationem
1415 2773 1504 2835 hane
1517 2771 1602 2835 tole-

372 2882 512 2949 rabilem
534 2905 603 2949 non
626 2905 713 2961 esse,
738 2905 779 2949 eo
800 2882 983 2971 minusque
1002 2883 1037 2949 in
1059 2885 1132 2952 dies
1153 2888 1315 2965 futuram,
1339 2908 1407 2969 quo
1425 2885 1533 2970 magis
1550 2908 1606 2951 res

373 2997 553 3066 Societatis
568 2998 685 3065 diuina
701 2998 835 3064 bonitas
852 2999 1078 3083 promouebit.
1099 3002 1198 3066 Vnde
1221 3003 1323 3066 Pater
1344 3001 1377 3065 in
1400 3001 1464 3067 X.⁰
1489 3013 1606 3069 noster

374 3116 467 3198 Mag.
487 3112 641 3199 lgnatius
658 3113 816 3180 omnibus
838 3114 890 3194 iis,
914 3113 972 3199 qui
998 3114 1262 3200 prouinciarum,
1290 3118 1344 3181 vel
1367 3116 1603 3202 collegiorum,

374 3231 427 3294 vel
444 3229 598 3294 locorum
616 3244 675 3294 aut
696 3228 1005 3314 congregationum
1028 3251 1322 3316 quarumcumque
1339 3232 1523 3299 Societatis
1543 3253 1607 3298 cu·

377 3366 447 3410 ram
467 3357 606 3429 gerunt,
625 3357 660 3412 et
677 3344 717 3409 iis
734 3344 848 3424 etiam,
869 3345 928 3428 qui
945 3367 1097 3412 seorsum
1116 3347 1149 3411 in
1168 3347 1265 3413 vinea
1281 3348 1419 3413 Domini
1436 3350 1605 3428 laborant,

375 3459 524 3544 iniungit
549 3472 585 3524 vt
609 3471 731 3543 quarto
747 3481 884 3544 quoque
906 3482 1023 3526 mense
1040 3461 1190 3528 scribant
1210 3464 1253 3527 ad
1270 3485 1332 3527 nos
1348 3465 1523 3548 epistolam
1541 3466 1607 3551 (vel

327 3572 331 3576 ’
375 3575 477 3641 scribi
494 3585 628 3655 curent,
648 3586 683 3641 et
696 3576 838 3642 eandem
856 3597 918 3667 sua
935 3598 1038 3643 manu
1056 3577 1119 3662 ipsi
1136 3578 1364 3663 subscribant)
1381 3582 1423 3645 de
1440 3580 1493 3660 iis,
1520 3602 1609 3665 quae

376 3691 419 3756 ad
444 3690 695 3758 edificationem
721 3691 865 3770 faciunt,
888 3692 962 3758 siue
978 3694 1019 3758 ad
1041 3694 1220 3783 ipsammet
1237 3695 1456 3775 Societatem,
1475 3696 1548 3764 siue
1565 3699 1609 3763 ad

377 3805 473 3886 alioS,
495 3828 582 3891 quos
599 3827 658 3892 per
681 3807 907 3874 instrumenta
932 3808 1113 3876 Societatis
1135 3808 1356 3893 spiritualiter
1380 3811 1475 3878 iuuat
1499 3814 1606 3894 DeuS,

378 3941 465 4004 quae
490 3920 597 3986 obiter
623 3934 767 4007 possunt
791 3922 903 3988 notari
927 3924 1010 3988 dum
1035 3945 1088 3990 res
1112 3936 1293 4010 geruntur,
1311 3937 1348 3990 vt
1371 3948 1435 3992 suo
1457 3938 1610 4014 ternpore

378 4035 585 4116 scribantur,
611 4036 815 4122 pertineant.
846 4038 981 4103 lnitium
1009 4051 1123 4106 autem
1150 4063 1170 4106 a
1202 4044 1303 4126 Mayo
1334 4043 1490 4128 proximo
1521 4045 1610 4109 sumi

379 4150 504 4237 poterit
519 4153 568 4236 (vt
585 4152 628 4218 de
646 4163 816 4220 retroacto
833 4167 984 4239 tempore
1001 4154 1162 4222 certiores
1175 4157 1378 4242 reddamur),
1399 4170 1462 4222 23²⁶
1478 4157 1612 4226 litterae

380 4289 499 4335 mense
528 4266 734 4351 Septembri;
762 4280 823 4351 γε
845 4270 1009 4356 Januario
1037 4271 1211 4354 sequentis
1237 4272 1331 4359 anni:
1361 4273 1404 4340 de
1431 4293 1453 4354 4
1483 4272 1612 4340 exactis

381 4380 559 4449 mensibus
573 4381 776 4462 scribentur,
788 4394 821 4450 et
833 4383 924 4449 idem
937 4385 1021 4449 ordo
1033 4383 1068 4449 in
1081 4395 1252 4469 posterum
1267 4387 1471 4453 seruabitur.
1487 4390 1535 4455 At
1547 4390 1612 4453 hu-

434 4642 445 4671 *
484 4637 531 4695 Cf.
548 4655 633 4708 supra
648 4640 671 4709 1,
687 4639 817 4710 548·550,
831 4650 861 4696 et
875 4641 904 4695 in
919 4643 974 4696 hoc
988 4641 1051 4714 ipso
1065 4644 1213 4698 volumine
1226 4645 1350 4715 epistola
1366 4646 1448 4702 1006.
