3625 5375
636 364 1085 437 Eersr.958.-4Dacuuaa1s
1106 377 1175 436 1549
1389 428 1392 431 ,
1429 364 1483 419 603

357 515 446 587 Vide
469 516 583 599 etiam,
602 516 769 606 qu[a]eso‚
798 529 835 583 vt
859 518 1025 585 rationem
1044 517 1174 585 habeas
1185 516 1403 597 valetudinis,
1421 529 1456 583 et
1473 538 1517 583 ne
1554 599 1556 610 Ι

288 634 366 717 plus
382 654 493 717 aequo
509 632 745 719 spiritualibus
758 646 791 701 te
807 632 984 701 laboribus
998 653 1160 703 exerceas
1176 631 1202 697 ⁴.

355 749 398 813 Et
414 743 489 815 ‘vate
517 748 552 815 in
569 751 659 817 Dno.
673 752 758 838 Jesu
774 748 853 831 X.⁰,
871 770 913 816 ac
929 747 1040 816 eidem
1063 769 1126 814 nos
1141 749 1364 815 comendatos
1389 748 1457 814 tuis
1481 748 1516 815 in

288 862 502 930 orationibus
518 864 615 933 velis.

355 980 463 1047 Rome
481 998 500 1046 2
517 981 718 1051 Decembris
739 996 834 1069 1549.

860 1134 940 1214 958

582 1274 959 1342 HIERONYMO
990 1274 1221 1342 CRUCIO

672 1420 761 1463 noua
780 1422 797 1476 4
816 1420 996 1463 oscauaars
1018 1420 1087 1477 1549
1106 1407 1126 1464 ¹.

285 1530 334 1585 Ad
355 1530 537 1601 Hieronymi
556 1531 695 1587 animum
717 1532 943 1603 mitigandum,
967 1533 1086 1588 iratum
1103 1531 1139 1586 ob
1155 1532 1317 1586 discessum
1340 1528 1426 1584 Lucii
1440 1528 1516 1601 fitia,
1611 1567 1615 1576 .

239 1662 240 1665 η
283 1683 288 1691 .
337 1624 450 1675 narrat
463 1636 540 1690 quae
552 1621 587 1675 in
596 1620 660 1691 ejus
669 1622 852 1677 admissione
862 1622 896 1677 in
907 1621 1086 1678 Societatem
1096 1624 1124 1675 et
1133 1617 1323 1694 profectione
1332 1618 1366 1673 in
1376 1616 1516 1674 Siciliam

335 1713 423 1781 gesta
435 1713 517 1767 sunt.

849 1828 945 1968 Jris.

353 2020 540 2107 Magnifico
557 2021 676 2108 signor
692 2023 717 2089 ³.

352 2137 401 2204 La
417 2158 550 2202 summa
566 2136 683 2223 grazia
698 2150 732 2206 et
748 2159 865 2206 amore
880 2147 1001 2205 eterno
1016 2138 1061 2205 de
1076 2138 1215 2229 Christo
1230 2138 1275 2204 N.
1294 2138 1332 2205 S.
1357 2137 1408 2204 sia
1423 2158 1513 2203 sern-

287 2272 348 2336 pre
364 2251 400 2319 in
417 2264 533 2319 nostro
549 2254 712 2320 continuo
730 2254 848 2320 fauore
864 2264 900 2321 et
915 2253 1074 2340 aggiuto.
1094 2255 1219 2321 Arnen.

351 2366 474 2451 Questi
490 2367 525 2433 di
545 2366 672 2453 passati
682 2368 839 2459 ¹scrissia
865 2370 910 2436 V.
930 2368 1017 2437 Sria.
1047 2368 1301 2449 diffusamente3
1331 2390 1387 2434 ma
1403 2349 1514 2437 inien-

283 2483 398 2548 dendo
414 2484 479 2550 che
495 2504 566 2548 non
582 2482 604 2548 l’
623 2485 643 2550 ὁ
664 2494 753 2551 stata
773 2484 852 2550 data
873 2483 942 2549 mia
957 2482 1092 2563 lettera,
1121 2484 1273 2551 seriuerb
1289 2484 1411 2550 adesso
1435 2484 1514 2567 quel

282 2572 468 2679 medesm0,
487 2610 522 2664 et
539 2599 569 2679 ὲ,
589 2602 653 2667 che
669 2598 702 2665 io
729 2600 866 2666 haueua
893 2598 1099 2668 imese-che
1116 2602 1161 2668 V.
1179 2600 1268 2668 Sria.
1294 2598 1324 2665 si
1340 2599 1464 2665 doleua
1480 2596 1515 2663 di

283 2711 354 2792 noi,
372 2724 407 2779 et
423 2713 451 2778 si
476 2724 648 2782 mostraua
674 2737 744 2781 non
771 2737 857 2800 poco
880 2716 1007 2782 sentito
1034 2737 1095 2802 per
1122 2727 1225 2781 conto
1248 2716 1283 2781 di
1311 2713 1430 2796 Luci0,
1445 2736 1509 2780 suo

281 2828 450 2914 figliuolo
466 2831 509 2894 Et
521 2831 645 2916 perche
659 2831 705 2898 mi
718 2833 886 2918 persuado
898 2834 963 2900 che
976 2826 1098 2916 questo
1111 2831 1259 2917 proceda
1270 2830 1303 2896 di
1319 2853 1391 2896 non
1404 2832 1513 2895 hauer

281 2944 314 3010 la
330 2967 409 3012 vera
438 2947 677 3016 informatione
692 2948 727 3013 di
744 2959 834 3014 tutto
850 2948 874 3013 il
889 2969 1064 3029 successo,
1086 2949 1132 3013 ho
1147 2947 1267 3012 voluto
1284 2946 1390 3028 darla,
1413 2943 1510 3012 accio

284 3061 421 3127 intenda
438 3064 502 3130 che
522 3073 639 3129 nostra
659 3063 849 3132 intentione
870 3065 888 3130 ὲ
911 3072 1000 3130 stata
1026 3063 1061 3130 di
1079 3063 1129 3128 far
1156 3061 1299 3130 seruitio
1315 3086 1335 3128 a
1351 3060 1460 3141 Iddio,
1479 3072 1515 3126 et

282 3178 428 3244 anchoa
448 3179 491 3244 V.
511 3177 599 3246 Sria.
618 3178 653 3246 in
680 3201 764 3247 cosa
785 3190 882 3246 tanto
910 3201 984 3246 sua.
1009 3181 1058 3251 ‚Et
1085 3181 1215 3244 anchor
1236 3180 1301 3245 che
1322 3177 1355 3245 io
1379 3199 1449 3243 non
1465 3177 1511 3241 ho

282 3289 425 3376 bisogno
442 3293 476 3357 di
492 3294 690 3374 escusarmi,
708 3297 798 3361 doue
814 3293 837 3360 li
853 3293 1006 3380 consegli
1022 3304 1057 3362 et
1073 3293 1229 3360 doctrina
1245 3293 1280 3361 di
1293 3293 1403 3360 Giesu
1416 3289 1512 3358 Χ.οὲ

281 3405 491 3487 conosciuta,
510 3429 569 3493 per
584 3409 817 3477 consolatione
833 3409 867 3474 di
890 3411 933 3476 V.
953 3407 1041 3475 Sria.
1059 3416 1090 3476 e'
1101 3431 1161 3494 per
1177 3407 1333 3474 satissare
1354 3429 1374 3472 a
1397 3406 1511 3491 quella

281 3519 470 3610 amici[zi]a,
495 3525 559 3590 che
580 3523 636 3590 noi
657 3524 839 3592 habbiamo
859 3545 925 3590 con
951 3524 1065 3610 quella
1091 3524 1147 3590 nel
1168 3523 1296 3609 Signor
1317 3533 1448 3605 nostru,
1467 3521 1513 3586 ho

280 3637 398 3702 voluto
413 3636 541 3706 scriver
557 3637 578 3704 l’
596 3640 680 3708 altra
696 3650 731 3705 et
747 3641 860 3706 ancho
875 3641 910 3706 la
925 3650 1083 3726 presente
1098 3638 1232 3706 lettera.

349 3753 473 3818 Vostra
485 3753 573 3824 Sria.
587 3753 704 3840 sappia
720 3757 784 3822 che
801 3753 910 3821 Lucio
927 3774 1039 3821 venne
1054 3754 1120 3820 alla
1135 3753 1252 3821 chiesa
1263 3763 1380 3819 nostra
1392 3775 1412 3818 a
1424 3772 1508 3818 con-

289 3889 500 3902 *non——

333 3957 344 3988 ⁴
382 3956 468 4024 Quae
478 3973 530 4027 per
544 3950 635 4012 totam
656 3955 809 4029 epistolam
831 3957 971 4014 dicuntur
991 3955 1114 4011 meliore
1127 3958 1193 4012 luce
1213 3958 1380 4012 clarescunt
1400 3974 1438 4011 ex
1451 3957 1511 4028 epi·

234 4103 235 4106 Ἴ
280 4043 354 4098 stola
366 4043 430 4115 640,
445 4043 495 4100 ubi
510 4045 681 4101 deSidereo
694 4046 724 4101 in
746 4046 871 4118 patriam
893 4045 1029 4115 remisso,
1051 4045 1120 4117 quia
1141 4046 1239 4118 capite
1259 4047 1428 4117 laborabat,
1451 4062 1512 4100 ser·

281 4148 329 4187 mo
342 4140 402 4188 est.
459 4179 463 4186 .

333 4311 340 4342 ¹
380 4309 424 4364 Ex
435 4312 613 4383 apographo,
628 4311 657 4366 in
674 4310 748 4367 Cod.
768 4313 855 4370 Rom.
870 4310 895 4378 Ι,
911 4328 941 4367 n.
955 4309 991 4381 C,
1009 4303 1174 4383 prius'105:
1199 4311 1315 4368 duobus
1337 4319 1455 4367 constat
1468 4310 1511 4366 fo·

280 4399 337 4469 liis,
352 4415 475 4470 quorum
489 4402 614 4455 alterum
628 4418 732 4472 purum
746 4399 966 4465 este-Carme,
981 4418 1010 4456 n.
1024 4399 1187 4457 CLXXVI.

332 4493 343 4523 ¹
381 4488 580 4561 Hieronymus
594 4489 728 4563 Crucius,
744 4491 791 4546 cui
809 4491 882 4545 haec
900 4490 1026 4562 epistola
1048 4487 1240 4572 inscribitur„
1251 4491 1344 4547 nostri
1359 4489 1442 4546 Lucii
1462 4507 1511 4562 pa-

280 4586 325 4633 ter
338 4585 411 4644 erat,
423 4577 572 4652 fraterque
586 4579 676 4634 Marci
690 4580 812 4635 Antonii
825 4578 936 4650 Crucii,
951 4579 1083 4654 episcopi
1094 4581 1241 4636 tiburtini.
