3625 5375
400 425 454 496 762
780 433 988 492 Monimnnaa
1003 433 1186 490 1611111166

396 579 518 650 jubetur
531 583 672 640 exercitia
689 585 853 658 spiritualia
869 603 951 658 pera·
1042 586 1106 656 476,
1120 597 1182 656 477,
1197 584 1261 655 487,
1281 597 1345 656 567,
1364 583 1428 656 513,
1447 597 1507 656 514,
1527 583 1591 653 533,

398 665 556 741 mm
903 752 906 760 ,
1042 671 1591 745 ffimffiffimmm

363 757 502 814 Metellus
512 759 640 832 (Morel),
650 764 791 834 Jacobus,
802 763 834 818 S.
845 765 888 834 J,
898 761 951 820 Pa·
1041 761 1105 832 658,
1118 763 1182 835 666,
1200 761 1263 835 663,
1283 763 1348 835 686,
1365 761 1429 829 688,
1448 763 1510 833 696,
1525 763 1591 832 691,

397 846 484 904 116166
506 868 544 904 ex
562 853 646 908 Urbe
664 853 790 910 mittitur
806 862 838 908 et
855 852 885 908 in
902 870 950 926 pa·
970 865 974 874 ·
1040 851 1104 923 696,
1117 865 1181 923 717,
1195 852 1259 922 7233
1273 853 1486 925 praelectiones
1499 851 1534 907 ad
1546 869 1591 907 aa·

276 931 284 944 ‘
398 937 495 1008 triam,
509 937 572 995 368.
1040 941 1592 1010 661661661681661166666861666·

362 1024 501 1081 Morellus
523 1029 651 1099 (Morel),
673 1029 831 1101 Nicolaus,
853 1030 885 1086 S.
909 1031 950 1101 J,
1041 1037 1100 1084 tem
1113 1029 1221 1100 Ignatii
1231 1029 1429 1101 cognoscitde
1439 1029 1592 1084 instituen-

397 1131 414 1168 a
438 1115 532 1187 patria
556 1116 654 1174 dictus
678 1119 768 1174 etiam
793 1111 951 1190 aliquando
1039 1117 1078 1172 do
1090 1119 1245 1190 gymnasio
1255 1119 1447 1187 messanensi,
1461 1133 1505 1188 24:
1518 1119 1592 1172 hies·

398 1202 594 1276 «Campano»,
619 1207 740 1262 Parisiis
759 1209 882 1262 Romam
900 1223 949 1280 pe·
1040 1225 1140 1263 sanam
1162 1205 1341 1278 destinatur,
1362 1220 1407 1276 25,
1425 1207 1476 1276 263
1495 1215 1592 1262 rector

397 1293 444 1363 tit,
458 1293 520 1360 583,
1039 1297 1173 1352 66166166
1213 1294 1403 1352 deducendae
1443 1293 1590 1350 communi

361 1379 485 1452 Moroni,
499 1381 670 1454 Cajetanus,
683 1385 796 1456 script„
811 1398 875 1453 242,
885 1381 949 1452 483,
1039 1400 1185 1440 consensu
1198 1384 1329 1456 eligitur,
1348 1397 1392 1453 513
1410 1384 1521 1454 gratias
1537 1399 1593 1455 pro

397 1468 459 1537 583.
1040 1473 1279 1530 messanensibus
1301 1489 1318 1528 a
1335 1472 1475 1545 pontifice
1494 1472 1589 1544 poscit

359 1557 498 1614 Moronus
509 1559 653 1632 (Morene,
664 1561 949 1632 Moruni),Joannes,
1039 1568 1071 1616 et
1080 1562 1228 1634 impetrat,
1239 1577 1285 1633 52,
1294 1575 1339 1631 75;
1352 1559 1382 1617 16
1393 1561 1523 1618 Siciliam
1534 1571 1589 1617 tra-

395 1648 561 1722 cardinalis,
579 1651 731 1721 Societati,
756 1652 853 1725 inopia
872 1653 949 1706 labo·
1035 1649 1112 1722 jicit,
1130 1651 1176 1720 963
1196 1651 1328 1723 appellit,
1350 1649 1400 1719 69;
1422 1650 1451 1704 16
1473 1649 1589 1720 collegii

396 1737 484 1806 nanti,
499 1739 669 1812 opitulatur,
681 1741 746 1809 674,
758 1741 822 1809 675.
1039 1740 1237 1796 messanensis
1249 1738 1464 1812 gubernatione
1482 1741 1519 1794 ab
1532 1755 1590 1796 uno

360 1825 504 1898 Murrano,
520 1827 686 1884 Matthaeus
696 1827 889 1886 Sebastianus
897 1827 947 1899 de,
996 1852 999 1866 ¹
1038 1829 1152 1900 ignatio
1164 1829 1284 1901 pendet,
1297 1828 1342 1900 883
1354 1828 1475 1899 jubetur
1492 1829 1591 1898 singu-

393 1926 689 1987 caesaraugustanus,
712 1917 869 1972 Societatis
886 1917 948 1974 fau·
1037 1919 1074 1974 lis
1091 1917 1284 1974 hebdomadis
1301 1917 1338 1972 ad
1354 1917 1502 1988 ignatium
1521 1917 1589 1972 scri·

393 2012 451 2074 tor,
465 2003 530 2074 346,
543 2003 606 2076 347,
620 2003 685 2074 375;
696 2009 760 2061 vult
770 2015 803 2061 ut
813 2005 947 2062 Societas
1037 2007 1120 2076 bere,
1137 2019 1197 2076 1073
1211 2005 1249 2062 de
1262 2006 1410 2062 sententia
1420 2005 1521 2061 vicarii
1534 2006 1589 2061 Ur·

392 2093 537 2164 gynaecei
549 2093 783 2165 procurationem
793 2095 946 2167 suscipiat,
1037 2095 1085 2150 bis
1096 2094 1174 2150 circa
1192 2095 1400 2152 abstinentiam
1419 2112 1539 2150 ovonrm
1556 2103 1588 2148 et

393 2178 456 2248 345.
799 2187 804 2200 ’
892 2196 894 2200 ·
1037 2183 1133 2238 carnis
1145 2182 1297 2254 edocetur,
1319 2182 1380 2253 137;
1394 2183 1432 2239 de
1450 2182 1588 2239 rebusad

357 2269 463 2339 Mosto,
477 2266 673 2340 Augustinus,
687 2289 720 2326 v.
736 2273 844 2330 Musio.
1036 2273 1193 2343 collegium
1207 2273 1409 2345 spectantibus
1423 2272 1588 2343 ignatianas

278 2344 284 2354 ’
357 2356 538 2412 liotonensis
556 2358 722 2431 episcopus,
743 2377 772 2416 v.
791 2361 946 2434 Lippoma·
1037 2361 1150 2418 litteras
1162 2361 1278 2435 accipit,
1296 2359 1423 2431 153-155,
1442 2374 1505 2431 645,
1523 2359 1586 2431 246,

391 2461 458 2516 nus,
472 2445 613 2516 Aloisius.
1035 2447 1099 2518 388,
1124 2452 1191 2524 576,
1224 2449 1438 2524 professionem
1469 2451 1589 2524 poterit,

356 2533 514 2606 hlnnehen,
529 2552 652 2608 opp.,v.
667 2537 864 2594 Monachium.
1035 2537 1152 2611 quando
1177 2540 1273 2610 volet,
1298 2537 1450 2610 emittere,
1477 2555 1531 2594 nec
1554 2547 1590 2594 ut

356 2620 525 2677 Munsterus
547 2624 717 2697 (Munster),
740 2626 945 2696 Sebastianus,
1034 2627 1186 2700 coadjutor
1211 2628 1372 2701 spiritualis
1399 2627 1588 2699 admittetur,

391 2711 505 2783 script,
522 2710 584 2782 137.
1038 2729 1098 2787 175,
1110 2719 1176 2787 264,
1190 2728 1251 2786 275,
1268 2730 1330 2789 295,
1343 2716 1408 2791 3333
1422 2734 1490 2773 cum
1500 2716 1588 2773 Belli·

357 2800 475 2873 Mullon,
488 2802 634 2876 Sanctius,
647 2804 843 2877 portionarius
851 2808 945 2863 eccle·
1035 2809 1086 2876 no,
1104 2822 1121 2861 a
1138 2805 1281 2861 daemone
1298 2814 1422 2878 tentato,
1442 2806 1589 2880 quomodo

391 2889 453 2946 siae
466 2894 712 2966 salmanticensis,
725 2895 789 2965 695.
1038 2908 1126 2963 agere
1144 2892 1264 2964 debeat,
1285 2893 1345 2965 198,
1363 2892 1428 2965 333,
1441 2910 1503 2966 449,
1522 2906 1588 2965 456,

355 2980 473 3051 hiuiioz,
487 2980 663 3054 Ludovicus,
679 2984 794 3055 script,
807 2982 871 3038 316.
1035 2996 1100 3050 566,
1113 2994 1175 3051 5213
1189 2982 1227 3037 ad
1240 2982 1411 3055 patientiam
1429 2982 1588 3056 excitatur,

355 3069 452 3124 Musto
480 3069 562 3139 (aliis
590 3072 715 3143 Mosto),
743 3073 942 3144 Augustinus,
1036 3069 1098 3141 523;
1111 3072 1268 3145 corripitur
1276 3072 1354 3145 quod
1365 3072 1471 3129 inscite
1481 3073 1587 3143 1966111

391 3157 854 3231 861111116691166191666616116,
873 3160 939 3231 398.
1035 3160 1253 3233 subscriptione
1271 3160 1311 3217 sit
1333 3178 1416 3232 usus,
1438 3174 1500 3231 227,
1521 3160 1587 3229 2283

354 3246 635 3319 Μ111166<Μ611666).
646 3266 726 3321 opp„
738 3249 796 3319 156,
806 3248 943 3321 346359,
1034 3249 1113 3322 quod
1131 3247 1283 3305 Canisium
1300 3250 1430 3305 retinere
1448 3251 1586 3319 voluerit,

390 3332 452 3404 393,
466 3334 531 3405 398,
545 3336 610 3405 583.
1035 3339 1099 3409 466,
1112 3338 1175 3411 418,
1190 3338 1361 3410 prohibetur
1377 3341 1468 3396 rebus
1485 3356 1588 3395 sacrae

634 3470 668 3536 m
886 3436 894 3451 ‘
1034 3426 1232 3501 inquisitionis
1244 3427 1355 3482 siculae
1365 3444 1432 3485 sese
1441 3428 1587 3485 immisce-

1034 3534 1078 3588 re,
1094 3514 1158 3587 4233
1177 3525 1313 3571 monetur
1329 3532 1367 3573 ue
1383 3518 1450 3589 quis
1466 3518 1497 3573 in
1514 3520 1585 3573 alte-

354 3599 391 3654 N.
406 3600 470 3653 Hac
483 3599 582 3656 littera
598 3601 769 3673 designatur
786 3605 944 3679 aliquando
1033 3606 1094 3661 rius
1115 3602 1284 3660 cubiculum
1306 3614 1407 3663 contra
1430 3608 1583 3678 prohiben-

388 3688 518 3743 Isidorus
531 3690 675 3746 Bellinus.
1034 3704 1093 3750 tem
1106 3694 1238 3765 regulam
1251 3693 1444 3765 ingrediatur,
1457 3694 1520 3765 4303
1533 3704 1584 3751 aut

353 3777 459 3847 Nadal,
474 3778 507 3834 P.
532 3779 743 3852 Hieronymus,
761 3800 789 3841 v.
809 3783 937 3841 Natalis.
1033 3784 1153 3838 barbam
1171 3782 1291 3853 nutriat,
1312 3782 1374 3852 5463
1393 3782 1516 3842 docetur
1531 3800 1583 3840 cur

353 3866 439 3936 Napi,
454 3866 585 3923 Aloisius
600 3868 649 3938 de,
668 3869 827 3928 societatis
844 3873 942 3929 candi·
1033 3871 1165 3927 Societas
1196 3871 1364 3935 academiae
1394 3871 1583 3929 mamertinus

387 3954 485 4025 datus,
498 3970 565 4025 707.
1033 3960 1228 4034 praeficienda
1241 3962 1290 4033 sit,
1300 3961 1430 4033 462·464;
1442 3962 1472 4017 in
1481 3980 1583 4019 curan·

352 4043 470 4115 Napoli,
484 4061 564 4117 opp..
579 4064 607 4102 1.
623 4046 776 4120 Neapolis.
1031 4050 1067 4107 da
1089 4050 1259 4107 valetudine
1283 4050 1394 4106 Palmio
1416 4052 1582 4124 subjicitur,

351 4134 466 4191 Natalis
490 4135 632 4206 (Nadal),
660 4136 696 4192 P.
724 4139 940 4214 Hieronymus,
1030 4140 1097 4209 2313
1121 4141 1307 4197 existimatur
1332 4156 1391 4197 non
1415 4158 1500 4213 posse
1526 4158 1584 4197 una

388 4224 418 4282 S.
434 4226 533 4298 J.‚t›7,
552 4238 614 4296 111,
634 4224 696 4299 113,
715 4228 777 4298 118,
797 4241 858 4299 144,
879 4235 940 4301 164,
1029 4247 1097 4286 cum
1126 4231 1223 4286 officio
1252 4232 1374 4287 rectoris
1404 4232 1583 4302 theologiam

390 4312 453 4384 184,
473 4326 535 4384 199,
554 4328 617 4385 664,
636 4329 699 4384 222,
719 4330 780 4385 247,
795 4330 857 4391 251,
874 4318 939 4391 253,
1028 4317 1583 4393 46611616616116616,435436ςά666-

388 4416 452 4471 254,
469 4405 531 4472 256,
551 4407 613 4469 262,
634 4406 695 4477 164,
716 4407 778 4476 269,
797 4406 862 4479 334,
874 4408 940 4479 338,
1029 4418 1076 4465 tur
1088 4408 1125 4463 de
1139 4408 1185 4477 iis,
1196 4424 1272 4481 quae
1285 4426 1355 4478 erga
1367 4410 1509 4465 moniales
1518 4408 1582 4465 fieri

389 4491 451 4561 343,
465 4492 527 4563 348,
544 4493 608 4563 349,
626 4494 690 4565 366,
708 4495 773 4566 364,
791 4496 856 4568 365,
873 4496 939 4568 377,
1029 4506 1176 4570 poterunt,
1191 4513 1256 4567 44o;
1270 4500 1308 4552 ab
1322 4498 1437 4570 [gnatia
1449 4498 1584 4570 diligitur

386 4582 532 4651 136438,
552 4584 938 4658 6615315666113,
1029 4596 1059 4641 et
1084 4586 1182 4657 magni
1207 4586 1252 4657 fit.
1277 4585 1342 4658 357,
1366 4600 1430 4657 4423
1453 4589 1582 4661 cupitur
