3625 5375
364 477 399 520 ro
670 469 675 477 ·
740 464 1146 523 11111111111111111111

326 640 394 703 que
410 620 454 685 V.
473 620 515 685 R.
534 628 718 687 mostrasse
732 620 764 685 al
781 641 842 703 rey
857 619 908 685 las
930 618 993 685 dos
1016 616 1220 705 principales
1241 620 1341 686 sobre
1365 618 1486 687 Strada
1503 621 1514 652 ³
1531 642 1554 705 y

325 734 376 799 los
392 755 460 819 que
479 755 517 802 se
533 733 647 819 piden3
673 756 695 820 y
719 739 935 803 asimesmoa
954 732 988 801 11
1008 756 1127 819 reynel,
1149 733 1177 803 si
1199 740 1218 801 1
1239 736 1283 801 V.
1307 735 1347 801 R.
1367 732 1551 819 pareciere,

326 848 486 915 tornando
502 849 534 913 11
551 848 777 934 oportunidad
792 870 815 935 y
832 824 934 915 niodo
951 870 1018 933 que
1034 848 1066 914 la
1082 849 1264 935 prudentia
1285 850 1328 917 de
1349 850 1392 915 V.
1420 851 1462 919 R.
1480 871 1552 917 me·

324 984 387 1048 yor
399 964 465 1029 1111
480 968 589 1058 veris.-

392 1096 425 1161 7.
474 1070 614 1165 Quanto
630 1086 651 1147 1
670 1082 704 1146 11
724 1102 792 1167 que
819 1079 932 1149 scriue
949 1082 992 1147 V.
1013 1080 1054 1147 R.
1080 1080 1112 1147 al
1135 1082 1174 1149 P.
1199 1080 1304 1149 Santa
1328 1080 1362 1166 ᾖ,
1382 1102 1449 1167 que
1465 1087 1552 1147 seria

325 1193 404 1261 bien
427 1216 465 1261 se
485 1216 686 1279 procurasse
703 1216 771 1281 que
790 1197 842 1262 los
862 1196 907 1263 de
927 1208 1066 1263 nuestra
1087 1196 1277 1281 Compania
1304 1218 1349 1263 no
1369 1197 1552 1281 pudiessen
1581 1214 1586 1219 '

325 1330 481 1394 passarse
496 1316 517 1376 1
534 1320 627 1377 otras
642 1311 840 1398 relligiones
856 1316 906 1377 111
923 1311 1138 1393 11111111111,
1157 1332 1278 1397 parece
1298 1332 1366 1396 que
1386 1314 1457 1377 1111
1477 1311 1552 1377 sido

324 1426 368 1490 V.
387 1426 429 1491 R.
447 1448 471 1510 y
487 1426 531 1492 N.
553 1428 593 1493 P.
612 1430 716 1497 Mtro.
739 1425 873 1515 lgnatio
891 1412 1031 1494 tocados
1048 1427 1091 1493 de
1108 1448 1153 1492 vn
1174 1448 1303 1495 mesmo
1320 1426 1449 1513 spirit03
1468 1448 1551 1515 por-

323 1562 390 1626 que
411 1562 473 1627 por
493 1542 651 1609 occasion
673 1545 716 1609 de
737 1544 837 1629 aquei
858 1542 1045 1624 studiante,
1067 1544 1110 1611 de
1132 1543 1234 1629 quien
1259 1542 1369 1610 scriue
1387 1544 1493 1611 Santa
1514 1543 1547 1630 †,

319 1667 442 1723 estaua
458 1658 490 1725 el
509 1660 548 1724 P.
568 1662 670 1727 Mtro.
687 1658 821 1745 lgnatio
837 1682 879 1725 en
893 1660 1103 1745 procurarlo
1121 1660 1209 1725 Pero
1222 1658 1404 1725 vbiendolo
1417 1680 1459 1745 ya
1473 1669 1548 1725 ten-

242 1837 246 1848 ,
321 1773 416 1851 tado,
435 1774 525 1839 111111
544 1774 574 1839 11
589 1794 670 1841 cosa
685 1774 783 1855 dura;
798 1798 820 1860 y
834 1796 879 1840 no
891 1794 978 1859 poco
989 1774 1165 1858 ayudarla,
1179 1770 1301 1862 [antes]
1314 1776 1453 1853 mucho,
1468 1794 1548 1859 para

322 1908 390 1970 que
406 1888 514 1973 mejor
530 1899 604 1956 esto
619 1910 657 1957 se
673 1884 880 1973 alcaucasse,
898 1909 966 1974 que
987 1890 1029 1955 V.
1054 1890 1099 1957 R.
1127 1909 1329 1974 procurasse
1346 1910 1414 1975 que
1437 1890 1468 1955 el
1490 1910 1549 1973 rey

322 2002 505 2073 scriuiesse
521 2005 553 2071 al
572 2005 629 2075 Sr.
647 2006 828 2074 Baithesar
841 2006 884 2071 de
900 2004 1000 2075 Faria
1016 2026 1098 2091 para
1115 2024 1182 2089 que
1198 2005 1240 2073 de
1258 2016 1354 2090 parte
1370 2006 1414 2069 de
1429 2006 1465 2072 S.
1485 2006 1547 2081 A..

322 2139 383 2203 por
399 2120 512 2203 quitar
528 2122 560 2188 la
575 2120 733 2187 occasion
749 2122 793 2187 de
809 2120 988 2205 inquietud
1004 2143 1026 2206 y
1043 2120 1216 2187 turbatidn
1233 2143 1274 2189 en
1296 2121 1348 2187 los
1369 2142 1436 2205 que
1456 2120 1499 2187 de
1517 2120 1548 2185 11

321 2234 512 2319 Compaflla
528 2235 619 2303 tiene
634 2258 678 2304 en
694 2258 735 2303 su
749 2258 867 2320 reyno,
886 2237 919 2301 lo
936 2257 1139 2321 procurasse
1156 2258 1220 2321 por
1235 2242 1308 2303 act.
1328 2238 1406 2321 Que
1419 2244 1547 2321 quanto

320 2354 393 2415 mas
407 2372 428 2416 a
444 2350 547 2437 longe
569 2350 718 2419 viniesse
731 2364 806 2419 este
821 2351 995 2437 negociar,
1010 2356 1098 2419 seria
1114 2358 1186 2419 inas
1203 2353 1234 2419 al
1248 2351 1420 2437 proposito
1436 2374 1458 2435 y
1475 2356 1546 2417 mas

320 2464 447 2531 efficaz.
467 2468 530 2533 Asi
547 2486 614 2552 que
631 2469 674 2535 V.
695 2469 734 2535 R.
755 2468 876 2535 tendra
891 2468 991 2534 desto
1012 2466 1174 2537 memoria
1191 2473 1210 2533 1
1226 2488 1268 2533 su
1286 2466 1412 2553 tiempo
1429 2467 1453 2531 ⁴.

321 2606 531 2619 m

371 2679 383 2711 ³
421 2679 453 2734 P.
469 2680 642 2738 Franciscus
658 2680 774 2736 Strada.
789 2681 846 2736 Hic
864 2689 976 2752 autem,
989 2699 1165 2760 quamquam
1184 2680 1268 2738 initio
1286 2699 1302 2737 a
1325 2682 1437 2754 Joanne
1455 2682 1498 2736 111
1516 2682 1546 2738 11

277 2781 282 2787 ·
321 2768 499 2840 Portugallia
512 2780 646 2827 retentus
659 2780 714 2842 est,
729 2770 929 2840 nihilominus,
942 2770 1046 2825 eodem
1060 2783 1217 2844 annuente,
1236 2771 1267 2826 18
1279 2769 1388 2844 Aprilis
1405 2771 1471 2840 1548
1484 2771 1545 2826 Sal·

320 2858 474 2913 manticam
488 2859 634 2931 pervenit.
648 2859 745 2932 Epist.
761 2859 886 2926 Mixtus,
900 2859 925 2931 1,
939 2857 1001 2929 493.

371 2951 383 2983 ⁴
420 2949 486 3005 Non
499 2949 655 3022 apponitur
667 2949 836 3022 scriptionis
847 2949 922 3006 dies.
937 2951 1016 3021 Quia
1028 2965 1099 3006 vero
1112 2949 1142 3006 in
1155 2949 1280 3022 epistola
1297 2951 1394 3022 agitur
1410 2950 1448 3006 de
1466 2949 1545 3006 Stra·

319 3039 374 3094 dae
387 3039 568 3111 profectione
582 3043 611 3097 in
625 3039 809 3113 Hispaniam,
822 3059 881 3114 quo
894 3052 1017 3098 venerat
1033 3041 1064 3097 18
1082 3041 1192 3114 Aprilis
1212 3043 1289 3114 1548,
1305 3053 1337 3098 ut
1360 3059 1454 3114 nuper
1470 3041 1544 3096 dixi·

319 3146 395 3198 mus,
409 3129 526 3186 videtur
537 3139 607 3185 ante
621 3129 651 3184 id
665 3139 781 3202 tempus
794 3131 925 3201 ignatius
939 3132 1069 3186 scribere
1081 3129 1231 3186 debuisse.
1248 3133 1291 3186 Ex
1304 3131 1361 3186 alia
1378 3147 1449 3186 vero
1462 3139 1544 3202 parte

317 3218 414 3287 agitur
431 3217 460 3272 in
478 3219 581 3274 eadem
600 3220 725 3292 epistola
747 3220 784 3274 de
808 3221 893 3274 Patre
916 3221 1040 3287 11111110,
1056 3219 1166 3274 Romae
1179 3228 1391 3289 commorante,
1409 3215 1458 3292 q'ui
1476 3235 1543 3274 cum

316 3304 526 3362 Sanctacrucio
537 3315 568 3362 et
581 3307 670 3363 sociis
683 3309 848 3362 Barcinone
859 3307 1038 3363 discesserat
1052 3321 1086 3362 22
1106 3308 1234 3378 Augusti
1256 3319 1322 3376 1547
1336 3307 1448 3380 (Epist.
1467 3307 1544 3363 Mix-

317 3400 376 3456 tne,
392 3395 415 3463 l,
428 3393 504 3466 397),
518 3405 699 3473 teneretque
712 3396 742 3452 in
757 3398 880 3462 Urbem,
892 3405 925 3452 ut
938 3395 1099 3452 verisimile
1113 3405 1169 3466 est,
1183 3413 1285 3452 mense
1298 3397 1475 3466 Septembri.
1487 3395 1544 3467 lgi-

318 3498 365 3541 tur
377 3486 508 3555 posthoc
519 3495 636 3564 tempus
645 3494 727 3540 certe
736 3486 809 3540 haec
819 3485 943 3557 epistola
954 3485 1022 3540 data
1033 3493 1088 3551 est,
1100 3495 1188 3558 atque
1200 3485 1276 3540 inter
1286 3486 1426 3558 epistolas
1437 3503 1454 3539 a
1465 3503 1543 3541 men-

317 3593 349 3630 se
363 3573 486 3631 Octobri
502 3585 569 3643 1547
582 3573 619 3628 ad
633 3573 764 3646 Aprilem
778 3573 846 3642 1548
858 3573 1038 3629 collocanda.
1052 3573 1173 3644 Verum,
1185 3573 1252 3635 uuia
1265 3573 1295 3628 in
1309 3573 1410 3629 eadem
1422 3573 1455 3630 fit
1466 3591 1544 3630 men·

317 3664 358 3719 tio
371 3663 410 3718 de
424 3662 548 3718 transitu
561 3671 725 3718 nostrorum
737 3661 775 3717 ad
792 3661 866 3717 alios
883 3662 1002 3718 ordines
1024 3661 1236 3726 interdicendo,
1252 3662 1289 3717 de
1302 3679 1359 3735 qua
1376 3680 1408 3716 re
1421 3679 1509 3735 saepe
1528 3681 1544 3718 a
1596 3669 1600 3676 '

316 3749 450 3806 lusitanis
468 3751 664 3806 sociisactum
678 3768 731 3824 per
744 3751 858 3808 litteras
869 3750 1003 3806 estadie
1018 3763 1048 3806 21
1065 3749 1250 3822 Septembris
1266 3763 1333 3820 1547
1346 3749 1456 3824 (Epist.
1470 3751 1545 3808 Mix-

317 3847 376 3908 tus,
390 3840 416 3906 1,
434 3844 509 3910 404),
524 3855 580 3896 101
595 3839 651 3894 erit
662 3841 805 3896 absonum
818 3838 965 3910 conjicere
979 3839 1133 3911 epistolam
1152 3841 1226 3894 hanc
1244 3848 1372 3910 exeunte
1385 3856 1461 3896 anno
1478 3852 1544 3910 1547

316 3939 367 3985 aut
385 3928 485 4002 primis
498 3929 649 3985 mensibus
665 3929 732 3998 1548
743 3928 881 4000 scriptam
895 3927 998 3983 fuisse.
1013 3927 1069 3984 Cui
1079 3925 1197 4000 quidem
1211 3927 1393 4000 Rodericius,
1407 3946 1444 3983 111
1462 3929 1544 4000 lgna·

316 4018 511 4087 tii-sententia
524 4035 628 4090 agens,
642 4017 829 4090 respondisse
842 4014 961 4072 videtur
975 4015 1011 4071 30
1024 4015 1093 4087 Maji
1110 4017 1190 4085 1548,
