3625 5375
1561 5 1810 180 [¹¹³

406 463 456 508 ιη
781 453 989 510 Mosuueurs
1010 453 1193 510 lenimus

436 602 517 691 Qu'e
532 603 650 673 avisen
672 605 814 692 quienes
834 629 918 675 sean
940 606 993 672 los
1014 625 1033 672 2
1055 605 1365 692 gentileshombres
1387 609 1412 686 ²,
1437 606 1525 690 yios
1545 606 1602 675 del

367 720 525 801 concilio,
548 733 616 790 etc.

945 896 1021 977 336

599 1027 738 1092 PATRI
763 1025 1048 1125 ulnuouruo
1072 1026 1367 1094 nounusscco

824 1181 913 1224 nous
926 1182 942 1238 5
956 1181 1025 1235 usn
1041 1165 1109 1238 1548
1125 1173 1143 1221 ¹.

426 1291 545 1347 Scribat
557 1293 683 1363 quinam
697 1297 725 1347 ei
737 1293 841 1364 quales
853 1294 932 1362 sini,
945 1293 999 1365 qui
1011 1294 1045 1348 in
1059 1292 1169 1348 Sicilia
1181 1292 1325 1350 Solicinii
1337 1295 1408 1349 deni
1420 1309 1541 1351 nomen.

434 1415 787 1488 Sicilia.-Scrini6se
806 1417 910 1485 dicho
927 1419 985 1485 dla
1001 1420 1012 1452 ¹
1030 1440 1095 1486 nos
1115 1417 1270 1486 inbiasen
1292 1429 1373 1485 nota
1393 1419 1437 1484 de
1460 1419 1511 1484 los
1531 1439 1600 1503 que

286 1607 290 1614 ,
366 1555 403 1599 se
422 1533 579 1600 resciuen
595 1555 617 1619 y
634 1555 677 1618 ay
693 1553 755 1620 por
771 1534 847 1613 alls,
866 1555 932 1600 con
948 1556 1009 1602 sus
1025 1545 1152 1620 partes.
1194 1535 1198 1542 ’

946 1703 1022 1788 337

715 1837 855 1904 cusin
881 1837 1036 1905 penno
1061 1838 1251 1906 cinisio

823 1989 913 2033 nous
925 1989 1024 2046 511er
1037 1978 1108 2047 1548
1123 1983 1131 2013 ¹

573 2103 618 2158 De
630 2101 719 2158 sociis
731 2102 950 2158 coloniensibus
962 2106 990 2158 ei
1002 2105 1039 2158 dc
1053 2102 1194 2160 Cornelio
1214 2104 1389 2159 Vishavceo.

437 2227 811 2320 [Sicilia.}-Scri11i6se
827 2235 847 2296 έι
864 2227 1003 2297 Canisio
1018 2229 1119 2295 sobre
1135 2229 1186 2294 los
1201 2230 1245 2296 de
1260 2227 1416 2308 Colonia3
1434 2251 1457 2313 y
1473 2235 1492 2294 i
1509 2230 1595 2312 Cor-

368 2343 459 2410 nelio
474 2365 511 2410 se
527 2342 682 2410 inbiaron
699 2345 750 2409 los
766 2361 808 2432 92
832 2359 881 2422 V,
900 2355 967 2410 etc.

420 2533 429 2563 ⁷
469 2529 614 2584 Videntur
631 2529 704 2584 haec
723 2528 827 2585 referri
847 2528 883 2584 ad
901 2527 997 2585 Luinii
1017 2530 1117 2590 verba,
1127 2529 1243 2601 ignatio
1259 2529 1418 2586 scribentis
1438 2529 1472 2585 28
1486 2529 1595 2603 Aprilis

369 2617 447 2689 1548:
468 2619 601 2676 «Cunnto
617 2619 645 2674 ul
664 2618 749 2674 modo
766 2619 804 2674 de
822 2619 961 2691 negociar
974 2621 1001 2674 la
1014 2618 1138 2676 licencia
1151 2619 1188 2673 de
1202 2628 1296 2674 iomar
1308 2621 1336 2676 el
1348 2635 1471 2693 posesso
1485 2629 1594 2693 tempe

365 2710 416 2780 ral,
432 2712 458 2765 al
473 2708 560 2764 dicho
574 2710 732 2764 Mouseilor
748 2712 797 2781 yi
814 2708 868 2765 dos
886 2708 1023 2765 Gentiles
1040 2710 1188 2781 hommes,
1206 2726 1275 2782 que,
1293 2713 1310 2765 n
1328 2720 1437 2765 cunnto
1454 2708 1595 2781 podemns

364 2816 428 2869 ver,
449 2806 547 2853 tomen
560 2805 624 2853 esta
636 2814 706 2855 cosa
723 2812 807 2854 corno
824 2808 960 2855 nosouos
977 2797 1132 2857 mismos...
1152 2815 1275 2870 pnreceu
1294 2809 1352 2855 ete.
1372 2799 1493 2867 Tenue,
1512 2816 1592 2871 oper.

364 2888 428 2957 cit.,
443 2904 509 2959 pag.
526 2901 588 2959 190.
600 2887 689 2959 Quod
702 2886 726 2942 si
740 2887 782 2943 itu
792 2896 847 2957 est,
860 2895 942 2959 patet
952 2887 1071 2942 Polanci
1082 2886 1238 2959 epistolem
1248 2887 1296 2942 die
1305 2904 1323 2957 4
1333 2887 1444 2960 Aprilis
1456 2888 1594 2959 scripturn

365 2994 424 3031 non
437 2976 540 3031 luisse.
555 2976 633 3031 Fieri
646 2984 745 3030 autem
759 2975 854 3047 potuit
867 2985 899 3029 ut
917 2977 981 3029 loco
1000 2975 1104 3047 «Majiu
1118 2984 1268 3031 exarasset
1282 2975 1418 3031 librarius
1436 2976 1593 3047 «Aprilis».

420 3160 426 3191 ¹
466 3156 510 3210 Ex
524 3154 627 3209 codice
641 3154 759 3227 Regni.
775 3154 800 3215 l,
814 3152 865 3207 iol.
883 3164 959 3221 isar,
974 3168 1052 3208 vers.
1067 3166 1114 3223 22,
1128 3154 1160 3209 P.
1176 3153 1295 3209 Polanci
1308 3170 1406 3209 menn.

415 3249 426 3279 ²
464 3244 535 3302 Scil.
549 3243 598 3297 die
612 3255 628 3312 5
642 3242 722 3313 Maji.
737 3241 814 3296 Vide
828 3240 917 3313 epist.
932 3242 1114 3314 superiorem
1127 3241 1165 3295 ed
1175 3242 1320 3300 Natalem.
1333 3243 1417 3297 Hunc
1428 3258 1498 3296 vero
1510 3244 1594 3297 sche-

362 3334 461 3389 dulam
485 3334 672 3387 Domenecco
691 3328 891 3401 inscribimus,
914 3340 1069 3402 prepterea
1093 3330 1171 3403 quod
1191 3331 1255 3401 ejus
1279 3340 1410 3403 potestus
1432 3330 1469 3385 ad
1490 3346 1593 3387 omnes

363 3422 457 3478 socios
480 3421 510 3477 in
533 3430 594 3477 lota
616 3420 717 3475 Sicilia
740 3428 893 3474 versantes
916 3419 1142 3490 extendebatur,
1159 3420 1258 3475 Natali
1275 3428 1411 3491 excepto,
1428 3418 1478 3493 qui
1501 3438 1551 3491 par
1564 3420 1592 3475 ei

363 3521 436 3579 erat,
450 3512 557 3583 cuique
570 3510 775 3565 mamertinum
787 3509 947 3579 collegium
960 3506 1056 3563 fuerat
1069 3508 1268 3563 commissum.

416 3692 423 3726 ¹
464 3692 506 3745 Ex
520 3690 623 3745 codice
637 3691 751 3762 Regest.
764 3689 788 3755 Ι,
805 3688 854 3745 iol.
874 3702 947 3757 152r,
964 3707 1042 3745 vers.
1058 3687 1105 3757 23,
1116 3688 1153 3768 .P·
1166 3689 1285 3745 Polanci
1296 3706 1393 3747 manu.
1406 3690 1451 3745 De
1463 3689 1521 3759 die,
1533 3703 1592 3761 quo

361 3780 471 3853 scripta
488 3779 543 3835 init
562 3780 634 3833 haec
652 3778 787 3849 epistola,
806 3776 875 3831 vide
896 3778 985 3849 epist.
1005 3777 1185 3848 superiorem
1205 3776 1242 3831 ad
1260 3776 1293 3830 P.
1313 3776 1446 3831 Lainium
1460 3778 1589 3848 missum,

362 3879 463 3928 annot.
482 3884 506 3927 l.
