3625 5375
593 444 698 499 Eetsr.
718 455 855 513 277.-2o
872 446 990 503 Meam
1011 445 1080 519 1548
1152 456 1157 464 ·
1381 462 1417 521 29

215 616 339 682 mayor
353 595 466 682 gloria
480 618 504 683 y
519 598 630 665 honor
643 620 743 684 suyo,
761 622 785 685 y
804 598 837 666 la
857 600 971 686 ayuda
990 622 1058 685 que
1080 602 1321 689 pretendemos
1336 603 1380 671 de
1400 604 1455 671 las

214 710 362 778 animas.

285 829 317 893 A
342 832 452 915 largo,
475 830 521 893 P.
545 829 692 895 Polanci
712 852 832 897 manu.
855 830 964 919 Copia
984 832 1116 901 deuna
1135 831 1273 901 inbiada
1299 839 1319 901 a
1346 836 1449 901 Mtro.

214 942 425 1011 Hieronimo
445 944 667 1025 Domenech,
689 946 793 1013 sobre
812 947 864 1013 los
889 965 929 1013 10
954 968 1022 1032 que
1042 968 1121 1015 van.
1146 950 1178 1016 A
1201 950 1220 1015 8
1238 950 1250 983 ⁴
1271 950 1314 1017 de
1335 952 1454 1017 Marzo

219 1060 326 1143 1548.

794 1226 874 1307 277

390 1364 655 1433 FRANCISCO
681 1365 892 1464 BORGIAE
919 1366 1032 1445 DUCI
1060 1363 1276 1477 GANolAE

631 1501 903 1545 nosocomum
925 1488 992 1559 1548
1012 1488 1032 1545 ¹.

364 1609 532 1665 Ordinatio
543 1612 716 1667 adcolarum
729 1616 758 1667 ei
768 1612 915 1667 lectorum
925 1612 1107 1684 gandiensis
1121 1612 1306 1669 academiae.
1322 1658 1324 1668 .

794 1738 874 1806 IHS

285 1871 373 1936 Cum
390 1870 597 1938 Franciscus
612 1872 655 1937 de
672 1870 812 1959 Borgia,
827 1873 897 1939 dux
910 1873 1007 1938 lll.mus
1019 1872 1187 1954 Gandiae,
1201 1894 1263 1959 pro
1279 1894 1320 1939 ea
1335 1872 1448 1943 chari·-

213 1995 290 2051 tate
305 2008 346 2053 ac
363 1986 558 2067 deuotione,
577 2009 644 2071 qua
661 1980 869 2056 Societatem
887 2000 1037 2054 nostram
1055 1988 1090 2057 in
1106 1988 1256 2056 Domino
1271 1988 1449 2077 prosequi-

213 2114 287 2183 tur,
305 2100 488 2182 collegium
505 2125 568 2169 suo
584 2103 620 2169 in
636 2102 762 2191 oppido
775 2103 932 2170 Gandiae
944 2096 1070 2171 nost'ris
1082 2103 1295 2171 scholaribus
1311 2116 1449 2190 aposto-

212 2218 284 2285 lica
299 2218 504 2287 auctoritate
520 2218 722 2305 erigendum
744 2240 784 2286 ac
804 2219 994 2289 redditibus
1015 2220 1217 2303 dotandum,
1242 2218 1447 2287 vniuersita-

213 2347 286 2401 tem
318 2343 494 2421 praeterea
525 2335 559 2400 in
592 2333 712 2403 eodem
749 2335 875 2421 oppido
910 2335 1173 2419 instituendam,
1206 2346 1241 2405 et
1271 2334 1450 2421 utriusque

211 2450 446 2517 omnimodam
467 2450 769 2539 gubernationem,
793 2451 1120 2521 administrationem
1148 2462 1182 2518 et
1208 2450 1363 2537 regimen
1383 2472 1447 2519 no-

212 2576 310 2632 strae
326 2565 491 2633 Societati
502 2566 738 2652 deputandum
751 2577 853 2653 atque
867 2566 1086 2633 tribuendum
1100 2566 1285 2646 curauerit,
1298 2588 1360 2653 par
1371 2588 1447 2637 esse

211 2682 379 2771 duximus
393 2692 442 2762 vt,
461 2681 638 2750 charitatis
654 2681 925 2752 vicissitudinem
942 2682 1152 2764 exhibendo,-
1162 2683 1206 2749 ad
1218 2682 1265 2764 id,
1283 2684 1375 2768 quod
1391 2682 1448 2769 pie

211 2796 401 2877 desiderat,
424 2797 647 2884 implendum,
671 2813 706 2866 et
729 2800 773 2863 ad
795 2797 951 2865 diuinum
979 2801 1143 2866 honorem
1171 2810 1206 2866 et
1233 2798 1446 2865 subditorum

212 2934 358 2978 suorum
376 2912 588 2998 aliorumque
605 2916 813 3000 spiritualem
830 2917 1022 3000 proiectum
1046 2925 1213 3002 perpetuo
1238 2935 1446 2982 conseruan-

213 3029 315 3109 dum,
334 3027 585 3096 adiuuaremus.

284 3143 342 3209 Ad
357 3145 426 3211 hoc
442 3165 526 3230 ergo
543 3143 726 3211 statuimus
742 3155 777 3212 et
792 3145 990 3212 ordinamus
1007 3147 1121 3232 (prout
1133 3145 1237 3212 nobis
1261 3143 1448 3232 apostolica

209 3259 400 3325 auctoritas
416 3259 597 3346 concedit),
616 3273 652 3326 vt
669 3260 824 3328 Societas
841 3271 956 3326 nostra
974 3269 1141 3330 rectorem
1166 3259 1302 3348 collegii
1319 3271 1353 3327 et
1369 3257 1445 3325 vni-

266 3512 278 3543 *
315 3511 361 3565 Ne
371 3511 437 3583 quis
447 3510 611 3579 existimet,
622 3517 684 3566 tum
695 3527 733 3566 ex
743 3511 798 3566 hoc
809 3512 883 3582 loco,
895 3518 956 3566 tum
968 3527 1006 3564 ex
1016 3509 1080 3582 ipso
1090 3509 1234 3582 epistolae
1244 3509 1375 3580 exordio,
1386 3527 1447 3582 quo

207 3607 329 3654 constat
341 3599 437 3654 socios
450 3601 503 3654 has
520 3616 622 3653 secum
635 3599 749 3654 litteras
762 3597 888 3670 deferre,
904 3616 955 3654 eos
968 3597 985 3653 8
1000 3599 1096 3655 Martii
1110 3600 1202 3653 Roma
1216 3597 1401 3666 discessisse,
1415 3598 1445 3654 in

209 3687 384 3742 memoriam
393 3696 515 3742 revocet
528 3686 641 3744 Canisii
654 3686 756 3754 verba,
771 3703 847 3759 quae
864 3687 935 3742 alibi
953 3687 1118 3742 retulimus.
1138 3687 1275 3744 Canisius
1289 3687 1378 3758 enim,
1391 3689 1448 3742 hoc

210 3778 270 3831 iter
282 3777 541 3849 navigationisqua
551 3791 672 3832 cursum
683 3777 870 3846 describens,
881 3776 935 3832 nit:
950 3776 1061 3848 tlgitur
1074 3777 1126 3849 qui
1138 3775 1285 3831 dominica
1302 3775 1447 3848 passionis

210 3865 251 3921 e'x
266 3867 338 3922 vrbe
351 3866 555 3935 discessimus,
568 3875 674 3923 octauo
686 3865 736 3920 die
750 3868 876 3938 paschae
890 3866 1110 3938 nauigationem
1123 3881 1239 3922 omnem
1253 3865 1447 3934 confecimus,

211 3955 380 4010 Messanam
402 3954 557 4025 ingressio.
571 3955 842 4024 Bnaunsuunottn,
859 3956 950 4010 Beati
972 3956 1061 4011 Petri
1079 3953 1231 4012 Canisii...
1250 3955 1398 4026 epistulae
1419 3961 1448 4010 et

210 4049 293 4110 acto,
307 4045 329 4116 l,
348 4055 411 4114 275.
431 4045 508 4114 Jum,
527 4033 673 4100 dominica
695 4045 841 4116 passionis
862 4044 930 4114 1548
948 4043 1092 4100 inciderat
1110 4044 1139 4099 in
1161 4041 1192 4098 18
1212 4041 1324 4113 Martii,
1341 4051 1461 4120 octava¹

211 4151 285 4190 vero
297 4134 467 4207 paschasio
481 4134 499 4188 8
515 4134 638 4206 Aprilis.
1262 4127 1269 4138 '

264 4314 273 4348 ¹
312 4315 357 4369 lix
369 4315 540 4386 archetypo,
555 4312 585 4370 in
598 4312 719 4368 archivo
730 4312 900 4385 municipali
911 4313 1065 4370 valentiae
1078 4313 1221 4385 (Archino
1231 4311 1400 4386 municipal
1409 4314 1447 4366 de

217 4403 371 4459 Valencia.
387 4401 530 4473 oPapeles
542 4400 580 4456 de
594 4403 621 4456 la
635 4399 834 4458 Universidad
846 4400 884 4456 de
897 4399 1042 4472 Gandlan,
1057 4419 1086 4458 n.
1105 4405 1179 4470 225).
1198 4399 1323 4456 Constat
1335 4398 1444 4472 duplici

209 4492 282 4549 folio
295 4509 355 4548 non
367 4499 533 4559 numerato,
548 4499 579 4546 et
592 4499 727 4545 servatur
739 4498 873 4545 assutum
890 4505 958 4544 cum
976 4492 1143 4562 apographo
1161 4491 1297 4562 exemplo
1311 4487 1444 4561 ejusdem

210 4581 367 4654 epistolae.
385 4580 561 4651 Exemplum
574 4579 664 4634 etiam
680 4580 807 4634 habetur
824 4578 854 4634 in
872 4577 976 4634 codice
995 4577 1077 4634 Hist.
1095 4583 1182 4650 prov.
1205 4579 1317 4652 Arag„
1332 4578 1385 4634 lib.
1405 4576 1445 4648 ll,

209 4686 277 4743 cap.
294 4668 500 4740 14.-Carias,
514 4685 543 4723 n.
559 4667 696 4725 CXLIV.
