3625 5375
407 432 444 490 30
650 454 654 460 ·
789 436 996 493 Mouuusurn
1016 436 1192 493 leumiim

371 586 548 656 uersitatis
565 586 610 654 ibi
628 600 794 673 perpetuo
810 586 1010 669 constituat,
1029 610 1204 675 perquem
1223 590 1438 676 praepositus
1454 610 1601 673 genera-

373 703 414 769 lis
430 702 613 773 Societatis
627 703 811 789 collegium
828 714 862 769 et
881 703 1154 784 uniuersitatem,
1181 718 1282 791 prout
1306 704 1371 772 sibi
1394 704 1427 771 in
1452 702 1601 771 Domino

372 819 557 898 videbitur,
575 820 761 906 gubernet,
784 819 999 887 administret
1023 830 1059 889 et
1078 832 1188 907 regat.
1212 821 1403 893 Statuimus
1427 831 1601 905 praeterea

372 947 408 1002 et
424 935 635 1014 ordinamus
654 946 691 1001 vt
706 945 786 1001 octo
802 934 948 1003 lectores
964 934 1000 1001 iu
1016 937 1136 1005 eodem
1157 936 1307 1023 collegio
1327 952 1362 1004 et
1378 934 1600 1003 vniuersitate

369 1050 572 1131 constituat,
590 1070 737 1135 quorum
753 1061 824 1119 tres
838 1051 1098 1137 grammaticam
1115 1064 1150 1119 et
1163 1052 1380 1119 humaniores
1392 1050 1517 1129 literas,
1533 1062 1602 1115 tres

374 1166 620 1254 philosophiam
642 1167 721 1254 (vel,
744 1179 784 1233 vt
801 1178 941 1249 vocant,
966 1168 1090 1237 artium
1111 1170 1275 1254 cursum),
1298 1170 1368 1235 duo
1392 1166 1599 1251 theologiam

372 1285 422 1369 (vt
437 1282 601 1350 studiosis
621 1283 775 1351 omnium
797 1285 919 1351 harum
947 1285 1149 1352 facultatum
1170 1284 1365 1353 consultum
1389 1283 1442 1368 sit)
1467 1282 1601 1368 publice

373 1398 610 1485 profiteantur.

440 1514 536 1582 Licet
562 1524 678 1582 autem
707 1517 810 1595 haec,
840 1537 928 1601 quae
951 1515 1140 1601 jamdicta
1170 1526 1264 1596 sunt,
1293 1515 1399 1583 libere
1429 1515 1601 1581 offerenda

370 1630 614 1709 iudicauimus
631 1629 661 1697 si
678 1644 790 1698 tamen
807 1631 982 1718 praedicto
999 1632 1181 1701 Francisco
1197 1633 1241 1701 de
1258 1630 1397 1717 Borgia,
1412 1630 1492 1697 duci
1504 1630 1600 1697 Gan-

372 1744 451 1813 diae
466 1746 569 1827 lll.¹¹²⁰,
588 1745 648 1831 qui
664 1745 847 1833 collegium
863 1746 951 1833 erigi
967 1768 1008 1813 ac
1023 1747 1279 1815 uniuersitatem
1301 1745 1433 1812 institui
1453 1744 1600 1821 curauit,

371 1861 454 1927 huic
473 1862 640 1929 lectorum
668 1883 812 1929 numero
839 1862 968 1949 aliquid
994 1863 1222 1949 adjiciendum
1250 1863 1305 1931 vel
1331 1861 1601 1928 imminuendum

371 1997 451 2043 asse
467 1997 530 2061 pro
545 1986 741 2062 temporum
756 1998 798 2045 ac
815 2000 930 2046 rerum
946 1978 1199 2047 occurrentium
1216 1978 1380 2064 qualitate
1397 1978 1506 2043 visum
1524 1976 1600 2055 erit,

371 2089 448 2158 eius
464 2092 529 2158 hac
545 2091 580 2157 in
596 2114 633 2159 re
648 2091 839 2175 arbitrium,
858 2106 1025 2178 quantum
1042 2094 1243 2175 valebimus,
1262 2105 1297 2163 et
1313 2103 1486 2179 praestare
1503 2104 1601 2177 pote·

372 2205 490 2287 rimus,
508 2226 549 2274 ac
565 2207 656 2275 vires
672 2219 809 2278 nostrae
820 2208 856 2275 in
868 2209 1017 2276 Domino
1032 2210 1154 2288 ferent,
1168 2208 1391 2277 libentissime
1404 2225 1599 2291 sequemur;

368 2333 406 2389 et
418 2321 541 2401 eidem,
552 2334 589 2389 vt
601 2323 638 2389 in
649 2334 826 2409 posterum
838 2324 987 2391 libertati
1000 2344 1041 2391 ac
1053 2324 1159 2410 quieti
1172 2336 1367 2391 nostrorum
1379 2320 1599 2402 scholarium,

372 2458 433 2523 pro
449 2458 513 2504 sua
528 2438 695 2505 charitate
710 2451 745 2509 et
763 2440 953 2525 prudentia,
969 2440 1166 2527 prospiciat,
1182 2439 1438 2522 constituatque
1455 2459 1542 2523 quae
1558 2436 1601 2501 ad

369 2572 447 2619 eam
463 2554 681 2621 asserendam
697 2554 767 2623 sint
781 2565 987 2642 opportuna,
1006 2576 1123 2623 curam
1141 2554 1375 2640 relinquimus.

439 2668 567 2738 Datum
588 2670 717 2740 Romae
737 2670 773 2737 in
800 2671 942 2740 aedibus
970 2670 1081 2740 dictae
1110 2669 1304 2751 Societatis,
1334 2669 1388 2736 die
1418 2688 1460 2736 20
1488 2665 1602 2736 Martii

377 2785 460 2867 1548
478 2796 503 2852 ⁸.

438 2903 489 2968 lta
505 2914 558 2969 est
574 2901 587 2942 b
603 2915 640 2968 vt
657 2925 773 2989 supra.

1233 3019 1420 3084 lcunrrus.

951 3174 1029 3256 278

674 3315 872 3382 perro
909 3300 1293 3382 contuntur)

799 3450 888 3494 noun
899 3453 934 3506 24
947 3450 1055 3492 usam
1072 3443 1140 3506 154⁸
1154 3437 1173 3492 ¹.

371 3555 670 3610 Continendutionem
687 3553 852 3610 Castorem·
865 3571 1015 3628 magnum
1029 3555 1111 3626 apud
1121 3571 1150 3608 se
1161 3553 1279 3624 pondus
1288 3551 1424 3606 lutherium
1435 3549 1601 3622 significat,

521 3646 702 3714 operamque
714 3660 803 3698 suam
817 3643 859 3698 ad
871 3643 1091 3716 expediendum
1106 3640 1260 3715 negotium
1273 3639 1444 3711 pollicetur.

944 3815 1020 3901 jhs.

437 3941 567 4034 Signor
580 3947 648 4014 mio
663 3948 719 4014 nel
735 3947 863 4034 Signor
878 3958 1010 4013 nostro.

440 4065 487 4130 La
499 4063 610 4150 gratia
626 4075 660 4132 et
688 4083 772 4150 pace
799 4061 833 4130 di
844 4063 929 4150 Jestl
957 4061 1022 4128 X.⁰
1051 4061 1087 4129 S.
1108 4061 1153 4128 N.
1177 4059 1204 4126 si
1233 4081 1398 4126 conserus
1416 4081 1549 4144 sempre
1566 4069 1600 4124 et

370 4200 490 4248 cresca
502 4179 596 4265 negli
612 4178 709 4246 cuori
726 4178 846 4245 nostri.

424 4355 437 4381 a
475 4339 563 4410 Quae
580 4344 749 4410 sequuntur
766 4355 861 4393 manu
883 4337 915 4393 S.
940 4337 1058 4410 Ignatii
1078 4339 1149 4390 sunt
1162 4337 1285 4406 scripto.
1325 4335 1375 4378 -b
1396 4333 1479 4390 luter
1499 4335 1553 4388 hoc
1574 4339 1601 4389 et

368 4447 492 4502 sequens
504 4429 628 4484 verbum
641 4431 737 4484 exstat
749 4427 900 4502 sigillum.

425 4578 434 4608 ¹
472 4573 704 4631 Exadversariis
716 4570 906 4644 autographis
926 4570 957 4625 P.
978 4570 1108 4640 Polanci,
1132 4569 1161 4624 in
1179 4567 1282 4624 codice
1305 4567 1400 4640 Epist.
1426 4565 1551 4622 Polnnoi
1565 4583 1600 4621 ex

367 4681 490 4736 comm„
507 4677 517 4718 1
535 4663 597 4736 iol,
611 4682 641 4718 n.
655 4678 701 4734 94,
720 4662 800 4735 prius
817 4661 863 4731 96.
882 4663 987 4716 Exstat
1005 4659 1154 4732 hispanica
1175 4659 1271 4712 versio
1285 4657 1313 4712 in
1334 4657 1405 4712 Corl.
1427 4657 1600 4721 Merrchuca,
