3625 5375
771 552 821 608 Αι)
840 564 1010 611 remoueri
1451 566 1468 624 7

338 708 370 791 5)
417 708 473 775 Ad
490 717 626 793 tempus
641 708 734 792 quod
749 706 873 775 attinet
894 707 1140 789 definiendum,
1159 729 1229 793 quo
1252 706 1410 795 singulae
1430 708 1504 801 epi·

268 825 379 892 stolae
395 822 543 909 scriptae
563 834 658 906 sunt,
680 844 763 908 prae
778 822 888 888 oculis
903 823 1030 889 habere
1051 834 1186 910 oportet
1203 824 1416 908 methodum,
1436 846 1504 909 qua

270 940 442 1005 Polancus
469 936 505 1003 in
532 936 744 1024 compendiis
765 937 946 1005 exarandis
966 960 1027 1023 per
1049 950 1159 1007 toturn
1184 940 1251 1005 hoc
1275 941 1502 1027 Regastorunr

267 1054 431 1122 volumen
448 1075 532 1120 usus
548 1063 613 1121 est.

336 1170 410 1237 Sub
430 1190 640 1256 unoquoque
667 1171 886 1256 paragrapho
914 1169 1109 1237 indicantur
1137 1170 1314 1257 epistolae,
1343 1192 1431 1256 quae
1459 1172 1502 1237 ad

267 1296 396 1353 certam
412 1284 585 1353 nationem
602 1296 662 1351 aut
682 1284 870 1354 Societatis
888 1285 1100 1371 provinciam
1122 1285 1319 1352 scribuntur
1341 1287 1394 1355 vel
1416 1286 1500 1356 scri-

267 1401 401 1469 bendae
427 1412 519 1466 sunt.
550 1401 655 1486 Quod
682 1399 711 1467 si
733 1401 776 1469 ad
797 1400 933 1467 diversa
959 1401 1106 1487 collegia
1127 1402 1291 1467 domosve
1318 1400 1498 1480 scribatur,

267 1536 384 1583 earum
408 1514 631 1602 epistolarum
654 1516 839 1583 summaria
854 1516 977 1602 juncta
1002 1528 1234 1603 apponuntur,
1259 1528 1294 1583 et
1320 1517 1355 1583 in
1383 1537 1499 1584 eorum

266 1630 422 1717 margine
441 1652 568 1699 nomen
591 1630 682 1699 illius
703 1632 760 1697 cui
782 1632 956 1713 scribitur,
979 1642 1014 1698 et
1039 1632 1252 1719 frequentius
1278 1631 1410 1713 civitas,
1442 1633 1500 1698 ubi

265 1746 451 1833 collegium
480 1746 583 1813 situm
609 1760 680 1827 est,
710 1758 862 1813 notatur.
893 1750 977 1815 Post
1005 1748 1136 1833 aliquot
1168 1770 1248 1815 vero
1280 1747 1499 1834 epistolarum

264 1862 462 1943 summaria,
481 1864 569 1931 haec
590 1873 650 1929 aut
665 1862 790 1929 similia
815 1864 998 1949 leguntur:
1031 1862 1223 1931 «Enviadas
1249 1863 1282 1929 el
1309 1864 1364 1930 dia
1390 1878 1427 1947 15
1456 1865 1499 1929 de

273 1978 419 2059 Eneror,
436 1978 552 2057 idest,
573 1978 719 2047 «Missae
733 1978 790 2045 die
809 1995 847 2062 15
861 1978 1048 2067 Januarii».

309 2127 311 2130 ·
332 2094 455 2179 Saepe,
481 2093 679 2180 praesertim
702 2115 779 2160 cum
801 2094 966 2180 epistolae
988 2116 1133 2161 numero
1151 2115 1280 2181 paucae
1296 2105 1390 2166 sunt,
1413 2097 1497 2162 haec

267 2210 428 2295 temporis
450 2209 582 2276 notatio
603 2210 674 2276 sere
695 2210 738 2275 ad
759 2232 879 2277 omnes
905 2210 1024 2277 referri
1052 2208 1199 2289 videtur,
1228 2209 1372 2279 maxime
1399 2210 1428 2276 si
1455 2200 1498 2277 ad

264 2324 356 2391 idem
373 2346 519 2411 regnum
537 2336 597 2391 aut
613 2326 656 2391 ad
669 2324 805 2393 dissitas
819 2324 1012 2411 provincias
1022 2324 1250 2407 destinantur,
1266 2324 1391 2411 quippe
1406 2327 1499 2409 quod

263 2439 440 2523 probabile
456 2450 509 2507 est
525 2440 687 2526 epistolas
705 2441 778 2505 illas
794 2460 914 2506 omnes
931 2440 1151 2525 perferendas
1168 2440 1295 2509 eisdem
1314 2440 1497 2507 tabellariis

262 2555 463 2621 commissas
483 2554 601 2622 fuisse.
626 2554 822 2639 Aliquando
849 2554 993 2623 veroid
1022 2554 1155 2623 definiri
1184 2578 1253 2621 non
1281 2568 1407 2643 potest,
1434 2578 1496 2622 nec

261 2669 404 2756 proinde
419 2671 526 2738 statui
542 2670 764 2757 probabiliter
779 2672 899 2740 eodem
917 2670 972 2739 die
987 2670 1091 2738 fuisse
1104 2673 1214 2754 datas;
1229 2695 1307 2740 nam
1321 2684 1401 2740 ante
1419 2694 1494 2738 ver-

263 2807 337 2851 sum
349 2786 459 2866 illum,
481 2787 628 2855 «Missae
645 2788 795 2868 die....,»
810 2788 927 2874 plures
944 2788 1162 2873 reperiuntur
1185 2789 1361 2876 epistolae,
1383 2789 1426 2854 ad
1443 2787 1488 2854 di·

259 2923 360 2969 versa
371 2903 444 2968 loca
457 2923 497 2968 ac
510 2906 668 2971 nationes
679 2902 885 2982 destinatae,
900 2923 989 2988 quae
1002 2903 1104 2970 simul
1117 2906 1159 2970 ab
1172 2903 1299 2984 eisdem
1314 2903 1497 2970 tabellariis

258 3017 401 3102 perferri
429 3030 524 3086 certe
550 3041 618 3084 non
648 3031 817 3104 poterant.
841 3018 1086 3098 Nihilominus,
1118 3019 1273 3104 quamvis
1301 3018 1494 3087 nesciamus

257 3134 347 3200 diem
365 3135 470 3201 fixum
490 3145 525 3200 et
541 3146 687 3214 certum,
704 3155 776 3219 quo
792 3136 893 3200 datae
905 3133 976 3202 sint
988 3133 1168 3220 epistolae,
1184 3157 1328 3220 quarum
1343 3157 1492 3202 sumnia-

192 3327 199 3340 ·
255 3250 305 3316 ria
319 3249 409 3318 inter
424 3249 646 3336 temporarias
662 3249 737 3316 illas
754 3262 852 3316 notas
868 3251 1036 3316 collocata
1054 3262 1153 3329 sunt,
1184 3249 1359 3335 probabile
1378 3260 1492 3316 tamen

255 3364 449 3452 scriptionis
466 3376 602 3457 tempus
616 3364 758 3444 scimuS,
778 3365 871 3451 quod
888 3364 975 3430 citra
993 3386 1143 3433 errorem
1167 3365 1267 3431 unius
1289 3365 1414 3431 mensis
1431 3366 1493 3432 de-

255 3481 355 3548 finire
371 3501 567 3566 possumne,
586 3479 753 3564 siquidem
771 3480 861 3548 inter
876 3481 963 3548 duas
984 3481 1202 3567 epistolarum
1225 3481 1405 3549 missiones
1423 3483 1492 3549 fere

257 3619 445 3682 numquam
461 3595 608 3683 spatium
629 3595 730 3687 unius
747 3597 873 3665 mensis
889 3596 1048 3665 elabitur.

322 3715 588 3798 Nonnumquam
604 3713 708 3780 etiam
726 3711 851 3780 accidit
868 3714 913 3797 (id
930 3713 1022 3796 quod
1035 3712 1152 3780 videre
1168 3712 1267 3778 estin
1282 3713 1486 3797 quibusdam
1512 3730 1520 3740 ·

254 3828 399 3915 integris
414 3828 580 3915 epistolis,
596 3849 742 3913 quarum
757 3828 941 3896 summaria
955 3828 990 3893 in
1008 3830 1168 3915 Regeslis
1183 3830 1330 3912 exstant)
1350 3839 1387 3894 ut
1403 3827 1488 3919 dieS,

254 3945 408 4030 integrae
428 3945 597 4031 epistolae
617 3943 810 4030 appositus,
831 3943 988 4010 nonnihil
1010 3944 1182 4030 discrepet
1204 3965 1224 4008 a
1244 3943 1312 4024 die,
1332 3965 1400 4028 quo
1420 3943 1490 4028 epi-

255 4062 420 4128 stolarum
437 4060 556 4130 missio
569 4061 604 4126 in
616 4060 746 4127 eisdem
761 4060 921 4147 Regestis
934 4061 1132 4127 adnotatur.
1145 4059 1280 4127 Etenim
1294 4060 1488 4145 apponeba-

255 4187 311 4242 tur
327 4177 503 4261 epistolae,
522 4187 561 4241 ut
577 4186 740 4262 parerat,
763 4175 837 4244 dies
857 4197 927 4260 quo
950 4177 1168 4258 exorabatur5
1193 4176 1254 4243 sed
1274 4175 1411 4242 defectu
1429 4187 1489 4240 aut

254 4315 348 4358 mora
361 4291 627 4372 tabellariorum,
638 4291 698 4358 illo
711 4291 778 4370 die,
788 4313 858 4376 quo
870 4290 996 4376 scripta
1011 4291 1136 4370 fuerat,
1148 4313 1215 4356 non
1229 4312 1361 4378 semper
1375 4291 1487 4356 mitte-

255 4410 367 4476 batur.
385 4410 515 4476 Verum
531 4411 617 4474 haec
633 4407 722 4474 inter
737 4407 914 4493 epistolam
932 4405 1102 4490 integram
1120 4417 1154 4472 et
1171 4410 1246 4491 ejus
1261 4405 1484 4472 summarium

252 4522 461 4605 differentia,
478 4523 596 4611 exigui
619 4523 781 4610 temporis
801 4533 867 4602 est,
889 4521 993 4588 unius
1011 4523 1081 4588 fere
1097 4522 1164 4590 diei
1182 4533 1253 4602 aut,
1272 4543 1361 4600 raro,
1381 4521 1483 4588 unius

251 4641 502 4709 hebdomadae.
907 4719 912 4728 .

317 4757 355 4823 ln
372 4756 426 4822 his
442 4756 560 4835 etiam,
578 4755 613 4820 in
630 4756 756 4840 quibus
773 4768 910 4842 tempus
932 4766 1062 4823 certum
1085 4777 1152 4822 non
1175 4765 1320 4834 constat,
1344 4751 1485 4818 conabi-
