3625 5375
405 382 458 424 222
786 368 995 423 Monunanra
1013 366 1193 422 tonstrina

436 523 522 588 Mas:
541 522 562 585 a
578 521 704 601 Araoz,
723 540 791 604 que
807 517 984 604 si'viniese
998 526 1019 585 a
1034 540 1094 585 sus
1114 537 1233 583 manos
1253 518 1299 582 tal
1320 528 1416 582 carta
1437 516 1481 581 de
1501 513 1600 581 Mici-

367 658 424 716 na,
442 657 510 721 que
525 636 558 701 la
574 635 736 721 detenga,
755 656 778 720 y
794 654 839 701 no
856 654 892 700 se
908 636 1001 719 haga
1016 634 1116 701 saber
1133 630 1220 701 nada
1236 654 1281 699 en
1296 630 1457 699 Valentia
1474 632 1498 694 ¹.

949 797 1033 877 454

544 938 685 1003 PATRI
708 936 928 1005 ANTONIO
953 934 1169 1003 ARAOZIO
1193 934 1257 999 EX
1278 934 1430 1001 COMM.

755 1081 843 1125 aona
862 1066 1174 1138 4snarsnsa1s1548
1193 1068 1213 1121 ¹.

369 1195 415 1249 De
429 1211 489 1249 non
500 1193 699 1250 admittendis
718 1196 752 1249 in
776 1192 955 1249 Societatem
976 1190 1158 1257 hominibus,
1181 1194 1236 1263 qui
1258 1192 1292 1246 in
1310 1191 1409 1245 atium
1423 1191 1603 1263 religiosum

422 1284 563 1339 ordinem
577 1284 712 1359 ingressi
729 1282 864 1355 suerint,
889 1287 918 1337 et
930 1282 968 1339 ab
980 1300 1014 1339 eo
1039 1286 1112 1337 artie
1126 1282 1249 1353 sectam
1272 1281 1494 1355 professionem
1514 1296 1605 1335 reces-

421 1376 528 1429 serint.

967 1491 984 1541 p.

460 1608 462 1611 .
697 1621 701 1627 .
944 1546 1022 1630 jhs.

436 1680 523 1745 Para
539 1679 572 1745 el
588 1678 634 1745 H.
653 1676 872 1743 Viltanueba.
1369 1759 1373 1769 s

365 1883 368 1889 ¹
435 1796 576 1879 Quanto
591 1799 611 1859 a
627 1794 659 1859 la
674 1795 813 1879 disputa
840 1794 895 1858 del
913 1794 954 1860 P.
986 1791 1193 1861 Villanueua
1220 1794 1321 1861 sobre
1349 1791 1494 1860 reseiuir
1510 1814 1553 1860 en
1570 1792 1602 1857 la

366 1911 558 1995 Compania
574 1930 737 1995 personas
754 1928 821 1994 que
837 1909 980 1974 vbiesen
992 1907 1135 1975 entrado
1150 1930 1194 1975 en
1210 1921 1286 1974 otra
1307 1908 1466 1993 religion,
1487 1930 1533 1992 yo
1548 1909 1603 1992 ley

369 2032 546 2091 anuestro
571 2024 682 2091 Padre
706 2026 756 2089 las
773 2044 917 2090 razones
940 2024 984 2089 de
1006 2044 1073 2090 vna
1092 2047 1115 2110 y
1132 2036 1208 2089 otra
1229 2010 1338 2110 parte3
1356 2044 1433 2109 yes
1453 2028 1600 2107 astque,

332 2141 334 2149 '
370 2140 524 2206 mirando
537 2161 580 2205 en
598 2138 783 2225 particular
798 2160 866 2205 vna
881 2161 1039 2225 persona,
1055 2160 1122 2224 que
1138 2136 1191 2204 sin
1203 2140 1303 2225 culpa
1320 2160 1406 2224 suya
1417 2137 1535 2206 vbiese
1546 2159 1603 2203 sa-

369 2256 437 2321 lido
452 2255 496 2321 de
511 2275 580 2319 vna
598 2254 753 2340 relligion
770 2266 868 2321 antes
882 2254 997 2321 deser
1013 2254 1180 2341 profess0,
1205 2276 1267 2341 por
1283 2276 1329 2321 no
1353 2256 1463 2320 hallar
1477 2275 1522 2319 en
1538 2252 1602 2320 eila

368 2374 400 2437 el
421 2369 707 2456 mayortseruicio
719 2372 762 2438 de
784 2369 868 2437 Dios
883 2392 951 2455 que
972 2373 1115 2438 entraba
1130 2378 1151 2436 a
1166 2370 1303 2453 buscar,
1328 2392 1395 2456 que
1416 2394 1460 2437 no
1477 2392 1522 2455 ay
1537 2390 1601 2436 eon

369 2490 436 2571 que
452 2486 557 2553 soltar
584 2487 636 2552 las
663 2506 807 2553 razones
822 2507 890 2571 que
905 2488 1015 2554 hazen
1032 2510 1113 2573 para
1133 2508 1327 2553 conuencer
1347 2508 1415 2572 que
1435 2508 1473 2554 se
1492 2488 1602 2573 puede

372 2614 493 2682 tomar‚
514 2601 679 2668 tubiendo
694 2614 809 2688 partes
825 2614 907 2681 ete,
925 2624 948 2688 y
971 2604 1119 2688 despues
1135 2604 1179 2670 de
1200 2624 1259 2669 sus
1281 2601 1503 2690 probationes
1518 2614 1599 2684 etc.;
1653 2658 1667 2683 ,

372 2739 454 2804 pero
471 2716 628 2783 mirando
643 2718 675 2784 el
690 2716 770 2784 bien
798 2724 927 2784 comt'm
946 2738 1013 2784 con
1030 2719 1106 2804 ojos
1127 2720 1226 2798 altos¹
1246 2739 1314 2805 que
1330 2741 1369 2787 se
1383 2719 1603 2788 extiendena

371 2834 404 2899 lo
420 2853 488 2920 que
504 2839 524 2898 έι
540 2834 573 2899 la
588 2834 686 2920 larga
701 2853 739 2898 se
755 2832 897 2918 siguiria
914 2834 958 2901 de
973 2835 1020 2899 tal
1036 2835 1193 2901 facultad¹
1207 2835 1251 2902 de
1272 2833 1428 2915 resciuir,
1448 2836 1602 2921 parezele

369 2955 389 3013 a
405 2958 547 3014 nuestro
564 2949 676 3014 Padre
692 2969 760 3033 que
775 2967 813 3013 es
830 2969 950 3014 menos
967 2947 1233 3016 inconueniente
1247 2951 1355 3017 denar
1370 2951 1414 3018 de
1430 2963 1541 3016 tomar
1557 2951 1602 3016 al-

370 3084 484 3149 gunos
499 3062 633 3129 buenos
654 3062 829 3130 subiectos
855 3063 967 3129 delos
988 3065 1085 3146 tales
1103 3086 1173 3149 que
1187 3067 1249 3130 dar
1264 3067 1407 3131 entrada
1423 3073 1443 3130 a
1459 3068 1604 3132 muchos

370 3200 415 3244 no
432 3178 530 3260 tales;
560 3200 703 3264 porque‚
727 3177 939 3264 pudiendosc
962 3180 1077 3246 saluar
1094 3181 1299 3264 semejantes
1324 3201 1487 3267 personas
1510 3184 1605 3248 fuera

369 3298 412 3363 de
427 3295 460 3361 la
483 3296 687 3380 Campania,
706 3315 744 3362 es
765 3315 848 3380 para
876 3295 943 3362 ella
964 3315 1083 3362 menos
1110 3296 1203 3361 dano
1231 3317 1370 3364 carezer
1385 3299 1430 3362 de
1457 3299 1606 3382 algunos

371 3413 503 3478 buenos
518 3431 586 3496 que
603 3411 745 3496 podrian
766 3408 865 3479 venir
881 3433 943 3496 por
958 3422 1033 3479 esta
1050 3416 1117 3491 via,
1136 3433 1203 3496 que
1220 3411 1371 3478 admittir
1387 3415 1534 3478 muchos
1551 3413 1600 3478 in·

369 3536 568 3595 constantes
590 3537 673 3605 ete,
692 3547 760 3611 que
780 3547 841 3612 por
858 3528 890 3593 la
913 3548 1055 3608 mesina,
1073 3526 1101 3592 si
1119 3549 1156 3593 se
1173 3528 1319 3609 abriese,
1339 3533 1525 3594 entrarian.

371 3649 582 3660 ...-.---..—..

423 3699 434 3729 ⁷
474 3695 550 3750 Vide
571 3694 726 3768 epistolam
746 3707 793 3765 191
815 3695 851 3750 ad
873 3697 1094 3751 Domeneccum
1114 3705 1145 3752 et
1162 3695 1310 3766 Natalem,
1328 3713 1404 3770 quae
1422 3696 1501 3752 diem
1518 3697 1536 3752 8
1554 3697 1607 3782 Se-

371 3785 514 3857 ptembris
528 3801 597 3856 prae
610 3801 642 3839 se
656 3783 724 3840 fert.

424 3964 431 3996 ¹
472 3964 515 4020 Ex
528 3967 708 4036 apographo,
721 3965 752 4020 in
764 3963 869 4020 codiee
890 3965 963 4020 Var.
975 3965 1093 4021 Hister.
1108 3965 1133 4031 t,
1146 3963 1197 4023 fol.
1209 3963 1274 4020 300.
1289 3965 1426 4021 Habetur
1435 3965 1527 4021 etiam
1538 3981 1605 4038 apo·

370 4053 514 4126 graphum
527 4052 558 4108 in
574 4051 649 4108 cod.
666 4054 786 4120 Belero,
801 4052 852 4110 fol.
875 4067 922 4124 74,
936 4055 1018 4126 prius
1040 4071 1070 4110 n.
1089 4052 1296 4123 48.-Cartas,
1318 4073 1348 4109 n.
1372 4054 1521 4110 CXLVII.
1540 4055 1606 4110 Non

371 4143 500 4214 affigitur
517 4141 685 4214 scriptionis
699 4153 827 4221 ternpus3
846 4142 910 4211 sed,
925 4155 958 4198 ut
971 4143 1083 4215 legenti
1101 4152 1193 4214 patet,
1210 4161 1350 4215 praesens
1372 4145 1537 4199 litterarum
1550 4143 1606 4200 fra·

370 4240 525 4302 gmentum
542 4230 623 4286 aliud
640 4249 699 4288 non
717 4241 773 4302 est,
793 4232 850 4287 nisi
869 4232 991 4287 uberior
1005 4232 1154 4304 expositio
1175 4233 1255 4288 itlius
1273 4232 1436 4303 summarii,
1454 4233 1533 4305 quod
1550 4234 1605 4287 sub

370 4339 399 4377 n.
411 4324 454 4391 4.⁰
466 4321 625 4393 superioris
635 4322 778 4394 epistolae
791 4321 971 4390 continetur,
985 4323 1064 4395 quod
1077 4321 1287 4394 fragmentum,
1301 4339 1340 4376 ex
1353 4322 1469 4390 integra
1480 4321 1606 4394 epistola

372 4410 533 4466 Araozioa
555 4411 681 4466 Polanco
704 4412 804 4482 missa,
828 4411 1002 4467 Vittanovae
1025 4411 1169 4466 Araozius
1193 4412 1366 4466 transmisit.
1390 4411 1494 4465 Eidem
1516 4411 1606 4481 igitur
1655 4425 1661 4436 ‘

371 4498 540 4573 scriptionis
552 4499 617 4556 dies
630 4498 822 4573 apponendus
840 4508 898 4569 est,
916 4501 967 4573 qui
992 4500 1182 4574 praecedenti
1204 4501 1348 4574 epistolae
1370 4501 1435 4556 sive
1448 4500 1606 4555 summario

374 4588 539 4663 apponitur.
