3625 5375
385 451 437 507 104
763 441 969 498 Mounirnurs
988 440 1168 496 lusimus

347 597 485 666 domino
502 597 648 684 Ignatio,
668 594 841 674 nimirum,
860 595 955 680 quod
969 592 1035 680 ipsi
1051 613 1121 659 non
1136 593 1314 680 probatur,
1332 602 1371 658 vt
1386 602 1456 658 tam
1469 591 1577 658 multa

348 715 435 780 vltro
450 713 606 797 citroque
622 711 749 797 scripta
764 722 800 777 et
815 731 979 796 responsa
994 718 1223 805 expectentur
1237 707 1274 772 in
1288 705 1344 786 iis,
1362 728 1453 792 quae
1466 707 1511 772 ad
1523 727 1578 774 re-

348 828 562 897 uocationem
578 811 734 896 vestram'
743 825 928 912 pertinent3
946 825 1055 889 multo
1070 821 1259 910 simplicius
1275 833 1311 890 et
1326 821 1467 890 brevius
1483 820 1576 890 vide-

347 957 402 1011 tur
419 965 517 1030 posse
539 941 753 1010 obedientiae
777 940 947 1008 satisfieri.
973 938 1043 1008 Sed
1070 937 1283 1025 sapientibus
1309 957 1433 1022 pauca.
1458 937 1577 1006 Unum

348 1069 481 1127 tantum
498 1059 633 1139 addam,
652 1058 752 1126 eade
773 1077 810 1124 re
830 1078 895 1125 nec
918 1053 1016 1122 vobis
1035 1053 1269 1133 scribendum,
1287 1073 1353 1120 nec
1370 1072 1575 1138 responsum

348 1175 492 1243 ulterius
509 1175 760 1261 expectandum
777 1173 898 1242 videri.

946 1289 1114 1376 Jomnes
1135 1306 1185 1353 ne
1206 1287 1395 1354 Possuco.

708 1503 710 1510 ⁴
931 1461 993 1541 331

476 1673 478 1678 ,
515 1667 519 1676 ,
584 1593 826 1664 ANTONIUS
849 1592 1072 1660 VlNCKlUS
1095 1592 1158 1660 EX
1183 1593 1335 1661 COMM.

705 1725 823 1782 PATRI
843 1722 1028 1783 ADRlANO
1046 1723 1218 1781 ADRIANI

536 1863 623 1908 nous
644 1862 794 1908 exeunte
813 1863 918 1906 saurir
933 1861 1001 1906 nna
1020 1861 1161 1906 russum
1179 1863 1260 1919 usJo
1281 1858 1350 1920 ¹54³
1368 1850 1389 1904 ¹.

350 1977 417 2031 Non
424 1976 517 2048 jubet,
532 1977 585 2030 sed
597 1979 699 2032 iumen
712 1979 806 2048 optat,
816 1973 1002 2031 -Adrianum
1016 1969 1147 2030 Romam
1166 1975 1280 2032 venire.
1292 2005 1307 2014 -
1317 1973 1395 2030 Cum
1412 1993 1450 2032 ex
1460 1973 1578 2048 fratri·

399 2065 463 2138 ons,
481 2065 533 2138 qui
552 2064 678 2120 Colonia
696 2068 795 2137 nrsper
815 2065 943 2118 Romam
956 2069 1172 2136 pervenerunt,
1192 2064 1387 2120 intellexisset
1400 2064 1509 2136 plures
1526 2064 1578 2119 Sn

398 2156 535 2210 cieratem
553 2153 699 2226 cogitare,
717 2154 851 2208 rationes
863 2155 1012 2221 dissolvit,
1024 2171 1100 2226 quae
1117 2172 1279 2208 romanam
1293 2153 1512 2226 profectionem
1533 2172 1577 2209 re·

398 2243 526 2298 tardare
536 2241 751 2314 possent-De
757 2243 872 2314 juvens
885 2244 1019 2298 Antonio
1030 2247 1059 2298 et
1071 2245 1196 2298 domino
1207 2243 1351 2299 Hsnrioo.
1436 2285 1439 2289 -

920 2368 1011 2492 nis.

414 2565 534 2633 Gratia
550 2563 679 2632 domini
695 2564 804 2632 nostri
822 2567 921 2631 lhesu
939 2565 1067 2632 Christi
1082 2586 1217 2653 semper
1233 2569 1386 2660 abundet
1408 2567 1444 2633 in
1465 2566 1577 2634 cordi·

350 2683 414 2749 bus
431 2681 571 2751 nostris,
590 2682 714 2751 Arnen.

418 2798 605 2881 Postquam
621 2796 844 2882 dignissimus
860 2807 978 2864 noster
993 2796 1028 2863 in
1044 2798 1184 2865 Christo
1194 2800 1303 2887 Jhesu
1317 2798 1532 2885 praepositus
1543 2810 1578 2867 et

351 2911 606 2979 amantissimus
634 2914 736 2981 Pater
765 2922 841 2979 tuas
868 2911 984 2979 literas
1011 2912 1173 2999 perlegit,
1202 2912 1248 2979 mi
1276 2915 1382 2981 frater
1411 2911 1575 2993 Adriane,

351 3028 550 3095 omnimodo
566 3028 719 3094 omnium
734 3029 879 3094 salutem
896 3030 941 3094 ad
961 3028 1123 3097 maiorem
1144 3029 1209 3097 Dei
1231 3029 1374 3117 gloriam
1399 3031 1574 3109 anhelans,

352 3156 449 3210 tnurn
466 3142 674 3209 desiderium
690 3142 978 3225 animadvertens,
997 3164 1056 3229 per
1071 3166 1127 3213 me
1142 3144 1419 3231 indignissimum
1436 3164 1577 3230 respon-

351 3260 502 3326 dendum
519 3257 617 3325 duxit
638 3258 756 3344 paucis
777 3280 841 3324 suo
862 3258 1013 3328 nomine.
1040 3260 1327 3329 Animadvertens
1350 3260 1457 3347 igitur
1479 3270 1577 3325 tuum

351 3374 535 3452 defectum,
555 3384 589 3441 et
604 3372 835 3453 debilitatem,
846 3396 949 3459 quam
965 3398 1009 3442 ex
1020 3374 1078 3441 illo
1089 3374 1321 3461 consequeris,
1336 3387 1372 3442 et
1383 3373 1520 3452 timenS,
1536 3395 1579 3441 ne

351 3501 424 3555 turn
441 3512 483 3557 ex
498 3488 629 3557 itineris
645 3488 862 3577 longitudine
877 3502 914 3557 et
927 3490 1140 3571 difficultate,
1159 3502 1232 3556 turn
1249 3490 1352 3559 etiarn
1373 3513 1416 3557 ex
1435 3488 1524 3557 aeris
1543 3498 1579 3557 et

352 3604 534 3673 conuictus
551 3604 752 3671 alteratione
766 3605 1019 3703 aggrauareriS,
1038 3606 1147 3673 noluit
1166 3605 1281 3690 aliquo
1301 3608 1405 3673 modo
1424 3605 1579 3691 precipe·

354 3744 402 3801 re,
427 3720 495 3786 imo
517 3742 580 3787 nec
602 3732 635 3787 te
656 3722 698 3786 ad
715 3723 782 3787 hoc
798 3721 864 3789 iter
879 3720 1134 3806 suscipiendum
1149 3721 1308 3790 inuitare.
1328 3724 1458 3788 Verum
1473 3720 1580 3787 confi·

353 3836 476 3902 dentes
491 3834 526 3901 in
544 3836 703 3915 Domine,
722 3836 757 3901 in
773 3837 872 3905 cuius
885 3848 1052 3923 potestate
1064 3846 1100 3903 et
1111 3836 1362 3923 gubernatione
1373 3836 1488 3903 omnia
1498 3856 1601 3903 con-.

352 3950 491 4031 sistunt,
509 3962 544 4017 et
560 3951 823 4020 considerantes
839 3952 1032 4039 vtilitatem,
1051 3974 1152 4037 quam
1169 3973 1342 4039 sperarem
1355 3964 1389 4020 te
1401 3963 1581 4038 perceptu-

353 4088 442 4147 rum,
460 4066 488 4132 si
506 4066 561 4132 hic
582 4066 791 4151 aliquamdiu
812 4067 991 4134 nobiscum
1012 4088 1147 4153 ageres,
1171 4068 1282 4135 visum
1304 4080 1358 4136 est
1377 4079 1427 4147 vr,
1451 4088 1489 4135 re
1509 4069 1581 4133 Do·

355 4181 448 4247 mino
465 4183 559 4268 prius
575 4183 824 4259 commendata,
843 4182 916 4269 ipse
933 4182 1023 4250 vires
1044 4182 1198 4268 proprias
1217 4183 1373 4270 corporis
1391 4205 1472 4249 cum
1491 4183 1581 4248 diffi-

355 4324 384 4331 -
393 4324 566 4333 -ηι-ι-ψ--ι--μ

408 4395 415 4427 ¹
454 4396 498 4451 Ex
512 4397 705 4469 autographo,
719 4397 749 4452 in
765 4396 837 4451 Coe.
854 4396 958 4452 Coloe.
974 4397 1033 4462 111,
1047 4398 1135 4453 unico
1146 4396 1229 4468 lolio,
1240 4416 1270 4455 n.
1281 4397 1326 4467 53.
1338 4400 1404 4453 Hoc
1413 4414 1583 4453 monumen·

355 4493 427 4554 turn,
447 4486 596 4557 aliquanto
613 4484 807 4551 decurtatum,
832 4486 944 4558 primus
965 4486 996 4540 in
1018 4488 1114 4541 lucem
1136 4484 1219 4541 dedit
1240 4487 1385 4557 Hnnssu,
1408 4487 1584 4543 amiatae

354 4576 451 4629 Aleten
464 4590 522 4629 sur
536 4572 706 4631 Gesclsielrte
715 4574 1030 4647 desjesuitennrdens,
1042 4590 1109 4647 pag.
1124 4572 1184 4629 131.
1194 4575 1327 4648 Tempus
1336 4576 1506 4648 scriptionis
1515 4582 1584 4648 pete

355 4680 393 4717 ex
408 4663 597 4720 annotatione
611 4678 637 4734 5.
