<?xml version="1.0" encoding="UTF-8"?>
<!DOCTYPE html PUBLIC "-//W3C//DTD XHTML 1.0 Transitional//EN"
    "http://www.w3.org/TR/xhtml1/DTD/xhtml1-transitional.dtd">
<html xmlns="http://www.w3.org/1999/xhtml" xml:lang="en" lang="en">
 <head>
  <title>
</title>
<meta http-equiv="Content-Type" content="text/html;charset=utf-8" />
  <meta name='ocr-system' content='tesseract 3.04.00' />
  <meta name='ocr-capabilities' content='ocr_page ocr_carea ocr_par ocr_line ocrx_word'/>
</head>
<body>
  <div class='ocr_page' id='page_1' title='image "./monumentaignati05ignagoog/monumentaignati05ignagoog_0253.png"; bbox 0 0 3625 5375; ppageno 0'>
   <div class='ocr_carea' id='block_1_1' title="bbox 581 458 1477 534">
    <p class='ocr_par' dir='ltr' id='par_1_1' title="bbox 581 458 1477 534">
     <span class='ocr_line' id='line_1_1' title="bbox 581 458 1477 534; baseline -0.002 -16"><span class='ocrx_word' id='word_1_1' title='bbox 581 460 686 519; x_wconf 81' lang='lat' dir='ltr'><strong><em>Errsr.</em></strong></span> <span class='ocrx_word' id='word_1_2' title='bbox 705 458 955 534; x_wconf 65' lang='lat' dir='ltr'><strong><em>syn-oorosu</em></strong></span> <span class='ocrx_word' id='word_1_3' title='bbox 971 472 1121 523; x_wconf 60' lang='grc' dir='ltr'><strong><em>Μυκη</em></strong></span> <span class='ocrx_word' id='word_1_4' title='bbox 1141 459 1211 531; x_wconf 79' lang='lat'>¹54⁸</span> <span class='ocrx_word' id='word_1_5' title='bbox 1422 466 1477 534; x_wconf 62' lang='lat' dir='ltr'><strong><em>‘m</em></strong></span> 
     </span>
    </p>
   </div>
   <div class='ocr_carea' id='block_1_2' title="bbox 276 612 1512 935">
    <p class='ocr_par' dir='ltr' id='par_1_2' title="bbox 276 612 1512 935">
     <span class='ocr_line' id='line_1_2' title="bbox 318 612 1511 709; baseline 0.001 -28"><span class='ocrx_word' id='word_1_6' title='bbox 318 665 321 673; x_wconf 87' lang='lat'>.</span> <span class='ocrx_word' id='word_1_7' title='bbox 344 616 435 686; x_wconf 74' lang='lat' dir='ltr'><strong><em>Mes:</em></strong></span> <span class='ocrx_word' id='word_1_8' title='bbox 453 634 521 701; x_wconf 84' lang='lat' dir='ltr'><strong><em>que</em></strong></span> <span class='ocrx_word' id='word_1_9' title='bbox 536 623 668 707; x_wconf 74' lang='lat' dir='ltr'><strong><em>quanto</em></strong></span> <span class='ocrx_word' id='word_1_10' title='bbox 689 620 711 681; x_wconf 73' lang='lat' dir='ltr'><strong><em>t</em></strong></span> <span class='ocrx_word' id='word_1_11' title='bbox 730 615 781 683; x_wconf 74' lang='lat' dir='ltr'><strong><em>las</em></strong></span> <span class='ocrx_word' id='word_1_12' title='bbox 796 612 915 694; x_wconf 76' lang='lat' dir='ltr'><strong><em>firmes</em></strong></span> <span class='ocrx_word' id='word_1_13' title='bbox 927 614 955 693; x_wconf 60' lang='lat' dir='ltr'><strong><em>f,</em></strong></span> <span class='ocrx_word' id='word_1_14' title='bbox 972 632 1043 698; x_wconf 76' lang='lat' dir='ltr'><strong><em>que</em></strong></span> <span class='ocrx_word' id='word_1_15' title='bbox 1058 613 1161 683; x_wconf 48' lang='lat' dir='ltr'><strong><em>NsP.</em></strong></span> <span class='ocrx_word' id='word_1_16' title='bbox 1180 614 1215 681; x_wconf 86' lang='grc' dir='ltr'><strong>1ο</strong></span> <span class='ocrx_word' id='word_1_17' title='bbox 1227 613 1393 702; x_wconf 73' lang='lat' dir='ltr'><strong><em>tienepur</em></strong></span> <span class='ocrx_word' id='word_1_18' title='bbox 1408 638 1511 709; x_wconf 67' lang='lat' dir='ltr'><strong><em>pem-</em></strong></span> 
     </span>
     <span class='ocr_line' id='line_1_3' title="bbox 276 728 1512 821; baseline 0.006 -26"><span class='ocrx_word' id='word_1_19' title='bbox 276 731 346 799; x_wconf 85' lang='lat' dir='ltr'><strong><em>dos</em></strong></span> <span class='ocrx_word' id='word_1_20' title='bbox 358 728 523 821; x_wconf 71' lang='lat' dir='ltr'><strong><em>veniales,</em></strong></span> <span class='ocrx_word' id='word_1_21' title='bbox 539 752 563 817; x_wconf 90' lang='lat' dir='ltr'>y</span> <span class='ocrx_word' id='word_1_22' title='bbox 578 750 649 815; x_wconf 83' lang='lat' dir='ltr'><strong><em>que</em></strong></span> <span class='ocrx_word' id='word_1_23' title='bbox 668 730 771 801; x_wconf 70' lang='lat' dir='ltr'><strong><em>desen</em></strong></span> <span class='ocrx_word' id='word_1_24' title='bbox 798 750 867 815; x_wconf 80' lang='lat' dir='ltr'><strong><em>que</em></strong></span> <span class='ocrx_word' id='word_1_25' title='bbox 894 729 995 800; x_wconf 86' lang='lat' dir='ltr'><strong><em>todos</em></strong></span> <span class='ocrx_word' id='word_1_26' title='bbox 1018 750 1105 800; x_wconf 75' lang='lat' dir='ltr'><strong><em>seen</em></strong></span> <span class='ocrx_word' id='word_1_27' title='bbox 1119 729 1254 817; x_wconf 80' lang='lat' dir='ltr'><strong><em>amigos</em></strong></span> <span class='ocrx_word' id='word_1_28' title='bbox 1269 751 1335 799; x_wconf 87' lang='lat' dir='ltr'><strong><em>con</em></strong></span> <span class='ocrx_word' id='word_1_29' title='bbox 1351 733 1396 811; x_wconf 76' lang='lat' dir='ltr'><strong><em>et,</em></strong></span> <span class='ocrx_word' id='word_1_30' title='bbox 1411 752 1512 802; x_wconf 81' lang='lat' dir='ltr'><strong><em>cumo</em></strong></span> 
     </span>
     <span class='ocr_line' id='line_1_4' title="bbox 279 845 1487 935; baseline -0.002 -20"><span class='ocrx_word' id='word_1_31' title='bbox 279 856 394 929; x_wconf 82' lang='lat' dir='ltr'><strong><em>antes,</em></strong></span> <span class='ocrx_word' id='word_1_32' title='bbox 410 856 480 915; x_wconf 85' lang='lat' dir='ltr'><strong><em>etc.</em></strong></span> <span class='ocrx_word' id='word_1_33' title='bbox 499 864 519 931; x_wconf 82' lang='lat'>3</span> <span class='ocrx_word' id='word_1_34' title='bbox 535 845 621 935; x_wconf 64' lang='lat' dir='ltr'><strong><em>[sict</em></strong></span> <span class='ocrx_word' id='word_1_35' title='bbox 641 848 695 919; x_wconf 76' lang='lat' dir='ltr'><strong><em>De</em></strong></span> <span class='ocrx_word' id='word_1_36' title='bbox 710 846 763 923; x_wconf 83' lang='lat' dir='ltr'><strong><em>los</em></strong></span> <span class='ocrx_word' id='word_1_37' title='bbox 778 845 964 914; x_wconf 81' lang='lat' dir='ltr'><strong><em>enfermos.</em></strong></span> <span class='ocrx_word' id='word_1_38' title='bbox 1017 888 1021 893; x_wconf 91' lang='lat'><em>-</em></span> <span class='ocrx_word' id='word_1_39' title='bbox 1272 858 1275 861; x_wconf 79' lang='grc'>’</span> <span class='ocrx_word' id='word_1_40' title='bbox 1483 860 1487 870; x_wconf 88' lang='grc'><em>·</em></span> 
     </span>
    </p>
   </div>
   <div class='ocr_carea' id='block_1_3' title="bbox 459 989 1472 1238">
    <p class='ocr_par' dir='ltr' id='par_1_3' title="bbox 459 989 1472 1238">
     <span class='ocr_line' id='line_1_5' title="bbox 667 989 1037 1073; baseline 0 -4"><span class='ocrx_word' id='word_1_41' title='bbox 667 1022 704 1073; x_wconf 85' lang='lat'><strong><em>·.</em></strong></span> <span class='ocrx_word' id='word_1_42' title='bbox 751 1020 755 1025; x_wconf 94' lang='lat'>·</span> <span class='ocrx_word' id='word_1_43' title='bbox 852 989 945 1070; x_wconf 70' lang='lat' dir='ltr'><strong><em>btt-</em></strong></span> <span class='ocrx_word' id='word_1_44' title='bbox 1033 991 1037 1004; x_wconf 89' lang='lat'>&#39;</span> 
     </span>
     <span class='ocr_line' id='line_1_6' title="bbox 459 1113 1472 1238; baseline 0.002 -49"><span class='ocrx_word' id='word_1_45' title='bbox 459 1121 599 1189; x_wconf 84' lang='lat' dir='ltr'><strong>PATRI</strong></span> <span class='ocrx_word' id='word_1_46' title='bbox 616 1117 834 1189; x_wconf 88' lang='lat' dir='ltr'>ANTONIO</span> <span class='ocrx_word' id='word_1_47' title='bbox 858 1120 1073 1189; x_wconf 86' lang='lat' dir='ltr'><strong><em>ARAOZIO</em></strong></span> <span class='ocrx_word' id='word_1_48' title='bbox 1090 1115 1153 1189; x_wconf 78' lang='lat' dir='ltr'><strong><em>Ex</em></strong></span> <span class='ocrx_word' id='word_1_49' title='bbox 1176 1113 1329 1191; x_wconf 85' lang='lat' dir='ltr'><strong><em>COMM.</em></strong></span> <span class='ocrx_word' id='word_1_50' title='bbox 1356 1223 1362 1238; x_wconf 21' lang='lat' dir='ltr'>x</span> <span class='ocrx_word' id='word_1_51' title='bbox 1469 1120 1472 1130; x_wconf 86' lang='lat'>&#39;</span> 
     </span>
    </p>
   </div>
   <div class='ocr_carea' id='block_1_4' title="bbox 525 1252 1156 1337">
    <p class='ocr_par' dir='ltr' id='par_1_4' title="bbox 525 1252 1156 1337">
     <span class='ocr_line' id='line_1_7' title="bbox 525 1252 1156 1337; baseline 0.008 -30"><span class='ocrx_word' id='word_1_52' title='bbox 525 1298 533 1307; x_wconf 94' lang='lat'>.</span> <span class='ocrx_word' id='word_1_53' title='bbox 562 1284 565 1289; x_wconf 92' lang='lat'>·</span> <span class='ocrx_word' id='word_1_54' title='bbox 636 1262 725 1310; x_wconf 76' lang='lat' dir='ltr'><strong><em>nous</em></strong></span> <span class='ocrx_word' id='word_1_55' title='bbox 735 1262 877 1309; x_wconf 76' lang='lat' dir='ltr'><strong><em>ocuoetu</em></strong></span> <span class='ocrx_word' id='word_1_56' title='bbox 889 1260 1038 1308; x_wconf 73' lang='lat' dir='ltr'><strong><em>ussum</em></strong></span> <span class='ocrx_word' id='word_1_57' title='bbox 1053 1252 1156 1337; x_wconf 65' lang='lat'><strong><em>15&#39;48‘.</em></strong></span> 
     </span>
    </p>
   </div>
   <div class='ocr_carea' id='block_1_5' title="bbox 187 1342 1514 3133">
    <p class='ocr_par' dir='ltr' id='par_1_5' title="bbox 276 1342 1513 1732">
     <span class='ocr_line' id='line_1_8' title="bbox 276 1342 1512 1465; baseline 0.004 -32"><span class='ocrx_word' id='word_1_58' title='bbox 276 1378 328 1433; x_wconf 88' lang='lat' dir='ltr'><strong><em>De</em></strong></span> <span class='ocrx_word' id='word_1_59' title='bbox 342 1379 543 1435; x_wconf 83' lang='lat' dir='ltr'><strong><em>coenobiis-ad</em></strong></span> <span class='ocrx_word' id='word_1_60' title='bbox 556 1356 740 1437; x_wconf 80' lang='lat' dir='ltr'><strong><em>severiorem</em></strong></span> <span class='ocrx_word' id='word_1_61' title='bbox 754 1376 950 1451; x_wconf 76' lang='lat' dir='ltr'><strong><em>disciplinam</em></strong></span> <span class='ocrx_word' id='word_1_62' title='bbox 965 1351 1261 1442; x_wconf 51' lang='lat' dir='ltr'><strong><em>traducenda-De</em></strong></span> <span class='ocrx_word' id='word_1_63' title='bbox 1268 1342 1466 1465; x_wconf 74' lang='lat' dir='ltr'><strong><em>admittendis</em></strong></span> <span class='ocrx_word' id='word_1_64' title='bbox 1478 1385 1512 1438; x_wconf 88' lang='lat' dir='ltr'><strong><em>in</em></strong></span> 
     </span>
     <span class='ocr_line' id='line_1_9' title="bbox 333 1465 1513 1541; baseline 0.003 -17"><span class='ocrx_word' id='word_1_65' title='bbox 333 1466 511 1525; x_wconf 61' lang='lat' dir='ltr'><strong><em>&amp;nentem</em></strong></span> <span class='ocrx_word' id='word_1_66' title='bbox 533 1466 593 1540; x_wconf 75' lang='lat' dir='ltr'><strong><em>qui·</em></strong></span> <span class='ocrx_word' id='word_1_67' title='bbox 605 1468 680 1525; x_wconf 79' lang='lat' dir='ltr'><strong><em>ollis</em></strong></span> <span class='ocrx_word' id='word_1_68' title='bbox 698 1468 899 1541; x_wconf 72' lang='lat' dir='ltr'><strong><em>religionibus</em></strong></span> <span class='ocrx_word' id='word_1_69' title='bbox 919 1478 1029 1524; x_wconf 85' lang='lat' dir='ltr'><strong><em>nomen</em></strong></span> <span class='ocrx_word' id='word_1_70' title='bbox 1051 1468 1257 1528; x_wconf 70' lang='lat' dir='ltr'><strong><em>dedere-De</em></strong></span> <span class='ocrx_word' id='word_1_71' title='bbox 1280 1470 1395 1527; x_wconf 80' lang='lat' dir='ltr'><strong><em>Struda</em></strong></span> <span class='ocrx_word' id='word_1_72' title='bbox 1415 1474 1442 1527; x_wconf 82' lang='lat' dir='ltr'><strong><em>et</em></strong></span> <span class='ocrx_word' id='word_1_73' title='bbox 1460 1465 1513 1527; x_wconf 65' lang='lat' dir='ltr'><strong><em>Soss</em></strong></span> 
     </span>
     <span class='ocr_line' id='line_1_10' title="bbox 333 1556 1512 1633; baseline 0.004 -20"><span class='ocrx_word' id='word_1_74' title='bbox 333 1558 406 1629; x_wconf 82' lang='lat' dir='ltr'><strong><em>buyc</em></strong></span> <span class='ocrx_word' id='word_1_75' title='bbox 421 1556 701 1633; x_wconf 63' lang='lat' dir='ltr'><strong><em>&amp;emrougssslum</em></strong></span> <span class='ocrx_word' id='word_1_76' title='bbox 714 1557 967 1618; x_wconf 72' lang='lat' dir='ltr'><strong><em>enittendis-De</em></strong></span> <span class='ocrx_word' id='word_1_77' title='bbox 976 1559 1118 1628; x_wconf 75' lang='lat' dir='ltr'><strong><em>{temiuns</em></strong></span> <span class='ocrx_word' id='word_1_78' title='bbox 1124 1559 1267 1630; x_wconf 80' lang='lat' dir='ltr'><strong><em>Jouslnoe</em></strong></span> <span class='ocrx_word' id='word_1_79' title='bbox 1279 1561 1318 1615; x_wconf 79' lang='lat' dir='ltr'><strong><em>de</em></strong></span> <span class='ocrx_word' id='word_1_80' title='bbox 1329 1560 1512 1618; x_wconf 63' lang='lat' dir='ltr'><strong><em>Mausos.-</em></strong></span> 
     </span>
     <span class='ocr_line' id='line_1_11' title="bbox 336 1644 1427 1732; baseline 0.003 -31"><span class='ocrx_word' id='word_1_81' title='bbox 336 1646 384 1702; x_wconf 89' lang='lat' dir='ltr'><strong><em>De</em></strong></span> <span class='ocrx_word' id='word_1_82' title='bbox 395 1646 506 1703; x_wconf 84' lang='lat' dir='ltr'><strong><em>litteris</em></strong></span> <span class='ocrx_word' id='word_1_83' title='bbox 515 1650 653 1719; x_wconf 71' lang='lat' dir='ltr'><strong><em>acceptis,</em></strong></span> <span class='ocrx_word' id='word_1_84' title='bbox 667 1664 704 1703; x_wconf 85' lang='lat' dir='ltr'><strong><em>ac</em></strong></span> <span class='ocrx_word' id='word_1_85' title='bbox 715 1648 752 1703; x_wconf 82' lang='lat' dir='ltr'><strong><em>de</em></strong></span> <span class='ocrx_word' id='word_1_86' title='bbox 763 1646 852 1704; x_wconf 86' lang='lat' dir='ltr'><strong><em>sociis</em></strong></span> <span class='ocrx_word' id='word_1_87' title='bbox 866 1644 1020 1732; x_wconf 62' lang='lat' dir='ltr'><strong><em>§amplecti</em></strong></span> <span class='ocrx_word' id='word_1_88' title='bbox 1032 1652 1061 1703; x_wconf 85' lang='lat' dir='ltr'><strong><em>et</em></strong></span> <span class='ocrx_word' id='word_1_89' title='bbox 1073 1646 1217 1706; x_wconf 77' lang='lat' dir='ltr'><strong><em>Gandias</em></strong></span> <span class='ocrx_word' id='word_1_90' title='bbox 1226 1650 1427 1713; x_wconf 68' lang='lat' dir='ltr'><strong><em>versantibus.</em></strong></span> 
     </span>
    </p>

    <p class='ocr_par' dir='ltr' id='par_1_6' title="bbox 279 1753 1513 1865">
     <span class='ocr_line' id='line_1_12' title="bbox 279 1753 1513 1865; baseline 0.002 -24"><span class='ocrx_word' id='word_1_91' title='bbox 279 1794 283 1799; x_wconf 89' lang='lat'>·</span> <span class='ocrx_word' id='word_1_92' title='bbox 350 1774 384 1841; x_wconf 86' lang='grc' dir='ltr'>Α</span> <span class='ocrx_word' id='word_1_93' title='bbox 409 1772 609 1852; x_wconf 70' lang='lat' dir='ltr'><strong><em>encoma,</em></strong></span> <span class='ocrx_word' id='word_1_94' title='bbox 631 1778 651 1841; x_wconf 68' lang='grc'><strong>1</strong></span> <span class='ocrx_word' id='word_1_95' title='bbox 676 1772 789 1851; x_wconf 79' lang='lat' dir='ltr'><strong><em>Araoz</em></strong></span> <span class='ocrx_word' id='word_1_96' title='bbox 811 1795 835 1858; x_wconf 90' lang='lat' dir='ltr'>y</span> <span class='ocrx_word' id='word_1_97' title='bbox 859 1773 1019 1859; x_wconf 82' lang='lat' dir='ltr'><strong><em>Queralt,</em></strong></span> <span class='ocrx_word' id='word_1_98' title='bbox 1041 1753 1087 1843; x_wconf 75' lang='lat' dir='ltr'><strong><em>en</em></strong></span> <span class='ocrx_word' id='word_1_99' title='bbox 1178 1773 1513 1865; x_wconf 43' lang='lat' dir='ltr'><strong><em>[side-Surium&amp;</em></strong></span> 
     </span>
    </p>

    <p class='ocr_par' dir='ltr' id='par_1_7' title="bbox 279 1887 1510 1977">
     <span class='ocr_line' id='line_1_13' title="bbox 279 1887 1510 1977; baseline 0.002 -21"><span class='ocrx_word' id='word_1_100' title='bbox 279 1888 411 1956; x_wconf 78' lang='lat' dir='ltr'><strong><em>Arao‘z:</em></strong></span> <span class='ocrx_word' id='word_1_101' title='bbox 432 1887 598 1971; x_wconf 80' lang='lat' dir='ltr'><strong><em>Primem,</em></strong></span> <span class='ocrx_word' id='word_1_102' title='bbox 616 1894 716 1955; x_wconf 82' lang='lat' dir='ltr'><strong><em>cdmo</em></strong></span> <span class='ocrx_word' id='word_1_103' title='bbox 732 1910 769 1955; x_wconf 89' lang='lat' dir='ltr'><strong><em>se</em></strong></span> <span class='ocrx_word' id='word_1_104' title='bbox 790 1888 936 1955; x_wconf 90' lang='lat' dir='ltr'><strong><em>vbieron</em></strong></span> <span class='ocrx_word' id='word_1_105' title='bbox 954 1890 1006 1954; x_wconf 86' lang='lat' dir='ltr'><strong><em>las</em></strong></span> <span class='ocrx_word' id='word_1_106' title='bbox 1022 1890 1065 1956; x_wconf 88' lang='lat' dir='ltr'><strong><em>de</em></strong></span> <span class='ocrx_word' id='word_1_107' title='bbox 1086 1908 1119 1968; x_wconf 85' lang='lat'><strong><em>2,</em></strong></span> <span class='ocrx_word' id='word_1_108' title='bbox 1139 1890 1172 1970; x_wconf 85' lang='lat'><strong><em>8,</em></strong></span> <span class='ocrx_word' id='word_1_109' title='bbox 1191 1906 1234 1977; x_wconf 84' lang='lat'><strong><em>29</em></strong></span> <span class='ocrx_word' id='word_1_110' title='bbox 1249 1891 1293 1957; x_wconf 90' lang='lat' dir='ltr'><strong><em>de</em></strong></span> <span class='ocrx_word' id='word_1_111' title='bbox 1308 1890 1510 1961; x_wconf 83' lang='lat' dir='ltr'><strong><em>Setiembru.</em></strong></span> 
     </span>
    </p>

    <p class='ocr_par' dir='ltr' id='par_1_8' title="bbox 351 2002 1513 2091">
     <span class='ocr_line' id='line_1_14' title="bbox 351 2002 1513 2091; baseline 0.003 -20"><span class='ocrx_word' id='word_1_112' title='bbox 351 2002 403 2071; x_wconf 81' lang='lat'><strong><em>2.⁰</em></strong></span> <span class='ocrx_word' id='word_1_113' title='bbox 449 2005 592 2088; x_wconf 85' lang='lat' dir='ltr'><strong><em>Quanto</em></strong></span> <span class='ocrx_word' id='word_1_114' title='bbox 607 2008 627 2069; x_wconf 74' lang='lat' dir='ltr'><strong><em>e</em></strong></span> <span class='ocrx_word' id='word_1_115' title='bbox 642 2004 693 2070; x_wconf 85' lang='lat' dir='ltr'><strong><em>las</em></strong></span> <span class='ocrx_word' id='word_1_116' title='bbox 710 2024 778 2089; x_wconf 91' lang='lat' dir='ltr'><strong><em>que</em></strong></span> <span class='ocrx_word' id='word_1_117' title='bbox 793 2005 922 2072; x_wconf 82' lang='lat' dir='ltr'><strong><em>desean</em></strong></span> <span class='ocrx_word' id='word_1_118' title='bbox 938 2003 1159 2071; x_wconf 81' lang='lat' dir='ltr'><strong><em>reformatidn</em></strong></span> <span class='ocrx_word' id='word_1_119' title='bbox 1175 2026 1219 2072; x_wconf 90' lang='lat' dir='ltr'><strong><em>en</em></strong></span> <span class='ocrx_word' id='word_1_120' title='bbox 1239 2004 1422 2091; x_wconf 85' lang='lat' dir='ltr'>particular</span> <span class='ocrx_word' id='word_1_121' title='bbox 1438 2029 1513 2075; x_wconf 88' lang='lat' dir='ltr'><strong><em>mo·</em></strong></span> 
     </span>
    </p>

    <p class='ocr_par' dir='ltr' id='par_1_9' title="bbox 187 2102 1512 2207">
     <span class='ocr_line' id='line_1_15' title="bbox 187 2102 1512 2207; baseline -0.002 -16"><span class='ocrx_word' id='word_1_122' title='bbox 187 2102 192 2106; x_wconf 44' lang='grc'>’</span> <span class='ocrx_word' id='word_1_123' title='bbox 280 2119 448 2203; x_wconf 76' lang='lat' dir='ltr'><strong><em>nastuio,</em></strong></span> <span class='ocrx_word' id='word_1_124' title='bbox 466 2142 534 2205; x_wconf 89' lang='lat' dir='ltr'><strong><em>que</em></strong></span> <span class='ocrx_word' id='word_1_125' title='bbox 549 2120 581 2189; x_wconf 89' lang='lat' dir='ltr'><strong><em>el</em></strong></span> <span class='ocrx_word' id='word_1_126' title='bbox 598 2122 640 2190; x_wconf 86' lang='lat' dir='ltr'><strong><em>P.</em></strong></span> <span class='ocrx_word' id='word_1_127' title='bbox 660 2122 763 2189; x_wconf 89' lang='lat' dir='ltr'><strong><em>Mtro.</em></strong></span> <span class='ocrx_word' id='word_1_128' title='bbox 784 2119 920 2207; x_wconf 86' lang='lat' dir='ltr'><strong><em>ignatio</em></strong></span> <span class='ocrx_word' id='word_1_129' title='bbox 937 2142 983 2189; x_wconf 84' lang='lat' dir='ltr'><strong><em>en</em></strong></span> <span class='ocrx_word' id='word_1_130' title='bbox 1001 2122 1145 2207; x_wconf 87' lang='lat' dir='ltr'><strong><em>general</em></strong></span> <span class='ocrx_word' id='word_1_131' title='bbox 1166 2121 1270 2192; x_wconf 68' lang='lat' dir='ltr'><strong><em>deson</em></strong></span> <span class='ocrx_word' id='word_1_132' title='bbox 1296 2124 1330 2190; x_wconf 87' lang='lat' dir='ltr'><strong><em>lu</em></strong></span> <span class='ocrx_word' id='word_1_133' title='bbox 1349 2124 1512 2190; x_wconf 74' lang='lat' dir='ltr'><strong><em>reforma-</em></strong></span> 
     </span>
    </p>

    <p class='ocr_par' dir='ltr' id='par_1_10' title="bbox 280 2224 1514 2325">
     <span class='ocr_line' id='line_1_16' title="bbox 280 2224 1514 2325; baseline 0.002 -20"><span class='ocrx_word' id='word_1_134' title='bbox 280 2237 357 2305; x_wconf 81' lang='lat' dir='ltr'><strong><em>tidn</em></strong></span> <span class='ocrx_word' id='word_1_135' title='bbox 377 2236 484 2307; x_wconf 85' lang='lat' dir='ltr'><strong><em>dellas</em></strong></span> <span class='ocrx_word' id='word_1_136' title='bbox 507 2259 530 2323; x_wconf 87' lang='lat' dir='ltr'>y</span> <span class='ocrx_word' id='word_1_137' title='bbox 553 2224 597 2307; x_wconf 89' lang='lat' dir='ltr'><strong><em>de</em></strong></span> <span class='ocrx_word' id='word_1_138' title='bbox 621 2236 734 2318; x_wconf 85' lang='lat' dir='ltr'><strong><em>todos;</em></strong></span> <span class='ocrx_word' id='word_1_139' title='bbox 758 2256 843 2323; x_wconf 86' lang='lat' dir='ltr'><strong><em>pero</em></strong></span> <span class='ocrx_word' id='word_1_140' title='bbox 865 2248 995 2323; x_wconf 82' lang='lat' dir='ltr'><strong><em>quanto</em></strong></span> <span class='ocrx_word' id='word_1_141' title='bbox 1015 2238 1050 2310; x_wconf 77' lang='lat' dir='ltr'><strong><em>nl</em></strong></span> <span class='ocrx_word' id='word_1_142' title='bbox 1073 2236 1268 2324; x_wconf 82' lang='lat' dir='ltr'>particular,</span> <span class='ocrx_word' id='word_1_143' title='bbox 1293 2258 1361 2323; x_wconf 88' lang='lat' dir='ltr'><strong><em>que</em></strong></span> <span class='ocrx_word' id='word_1_144' title='bbox 1375 2238 1421 2322; x_wconf 77' lang='grc'><strong>61,</strong></span> <span class='ocrx_word' id='word_1_145' title='bbox 1445 2260 1514 2325; x_wconf 88' lang='lat' dir='ltr'><strong><em>que</em></strong></span> 
     </span>
    </p>

    <p class='ocr_par' dir='ltr' id='par_1_11' title="bbox 279 2350 1428 2440">
     <span class='ocr_line' id='line_1_17' title="bbox 279 2350 1428 2440; baseline 0.001 -21"><span class='ocrx_word' id='word_1_146' title='bbox 279 2359 357 2419; x_wconf 70' lang='lat' dir='ltr'><strong><em>estu</em></strong></span> <span class='ocrx_word' id='word_1_147' title='bbox 373 2358 446 2419; x_wconf 73' lang='lat' dir='ltr'><strong><em>mes</em></strong></span> <span class='ocrx_word' id='word_1_148' title='bbox 462 2372 563 2423; x_wconf 85' lang='lat' dir='ltr'><strong><em>cerea</em></strong></span> <span class='ocrx_word' id='word_1_149' title='bbox 578 2375 601 2439; x_wconf 90' lang='lat' dir='ltr'>y</span> <span class='ocrx_word' id='word_1_150' title='bbox 616 2357 689 2419; x_wconf 71' lang='lat' dir='ltr'><strong><em>mis</em></strong></span> <span class='ocrx_word' id='word_1_151' title='bbox 705 2350 911 2433; x_wconf 69' lang='lat' dir='ltr'><strong><em>informadm</em></strong></span> <span class='ocrx_word' id='word_1_152' title='bbox 929 2358 1012 2419; x_wconf 72' lang='lat' dir='ltr'><strong><em>vere</em></strong></span> <span class='ocrx_word' id='word_1_153' title='bbox 1027 2354 1134 2438; x_wconf 84' lang='lat' dir='ltr'><strong><em>mejor</em></strong></span> <span class='ocrx_word' id='word_1_154' title='bbox 1149 2354 1183 2420; x_wconf 93' lang='lat' dir='ltr'><strong><em>lo</em></strong></span> <span class='ocrx_word' id='word_1_155' title='bbox 1198 2374 1267 2438; x_wconf 88' lang='lat' dir='ltr'><strong><em>que</em></strong></span> <span class='ocrx_word' id='word_1_156' title='bbox 1281 2354 1428 2440; x_wconf 87' lang='lat' dir='ltr'><strong><em>cumple.</em></strong></span> 
     </span>
    </p>

    <p class='ocr_par' dir='ltr' id='par_1_12' title="bbox 280 2466 1513 2903">
     <span class='ocr_line' id='line_1_18' title="bbox 353 2466 1511 2556; baseline 0.003 -21"><span class='ocrx_word' id='word_1_157' title='bbox 353 2471 400 2554; x_wconf 63' lang='lat'><strong><em>35</em></strong></span> <span class='ocrx_word' id='word_1_158' title='bbox 446 2469 646 2553; x_wconf 69' lang='lat' dir='ltr'><strong><em>Quamuis*</em></strong></span> <span class='ocrx_word' id='word_1_159' title='bbox 681 2498 684 2504; x_wconf 96' lang='lat'><em>·</em></span> <span class='ocrx_word' id='word_1_160' title='bbox 717 2518 728 2549; x_wconf 63' lang='lat'><strong><em>‚,</em></strong></span> <span class='ocrx_word' id='word_1_161' title='bbox 739 2482 809 2555; x_wconf 86' lang='lat' dir='ltr'><strong><em>que</em></strong></span> <span class='ocrx_word' id='word_1_162' title='bbox 821 2488 865 2553; x_wconf 85' lang='lat' dir='ltr'><strong><em>ya</em></strong></span> <span class='ocrx_word' id='word_1_163' title='bbox 877 2466 983 2535; x_wconf 87' lang='lat' dir='ltr'><strong><em>scriui</em></strong></span> <span class='ocrx_word' id='word_1_164' title='bbox 997 2479 1074 2535; x_wconf 84' lang='lat' dir='ltr'><strong><em>utra</em></strong></span> <span class='ocrx_word' id='word_1_165' title='bbox 1086 2490 1148 2535; x_wconf 80' lang='lat' dir='ltr'><strong><em>vec</em></strong></span> <span class='ocrx_word' id='word_1_166' title='bbox 1159 2490 1205 2537; x_wconf 86' lang='lat' dir='ltr'><strong><em>no</em></strong></span> <span class='ocrx_word' id='word_1_167' title='bbox 1220 2474 1309 2536; x_wconf 84' lang='lat' dir='ltr'><strong><em>seria</em></strong></span> <span class='ocrx_word' id='word_1_168' title='bbox 1321 2468 1511 2556; x_wconf 84' lang='lat' dir='ltr'><strong><em>imposible,</em></strong></span> 
     </span>
     <span class='ocr_line' id='line_1_19' title="bbox 280 2582 1513 2671; baseline 0.001 -20"><span class='ocrx_word' id='word_1_169' title='bbox 280 2584 423 2670; x_wconf 83' lang='lat' dir='ltr'><strong><em>quando</em></strong></span> <span class='ocrx_word' id='word_1_170' title='bbox 438 2604 508 2651; x_wconf 87' lang='lat' dir='ltr'><strong><em>vua</em></strong></span> <span class='ocrx_word' id='word_1_171' title='bbox 526 2604 673 2671; x_wconf 83' lang='lat' dir='ltr'><strong><em>persona</em></strong></span> <span class='ocrx_word' id='word_1_172' title='bbox 692 2582 866 2657; x_wconf 81' lang='lat' dir='ltr'><strong><em>eminente</em></strong></span> <span class='ocrx_word' id='word_1_173' title='bbox 892 2602 930 2651; x_wconf 81' lang='lat' dir='ltr'><strong><em>se</em></strong></span> <span class='ocrx_word' id='word_1_174' title='bbox 952 2582 1130 2651; x_wconf 80' lang='lat' dir='ltr'><strong><em>offrezieso</em></strong></span> <span class='ocrx_word' id='word_1_175' title='bbox 1152 2605 1233 2651; x_wconf 81' lang='lat' dir='ltr'><strong><em>ever</em></strong></span> <span class='ocrx_word' id='word_1_176' title='bbox 1251 2605 1299 2651; x_wconf 87' lang='lat' dir='ltr'><strong><em>vn</em></strong></span> <span class='ocrx_word' id='word_1_177' title='bbox 1321 2584 1402 2653; x_wconf 86' lang='lat' dir='ltr'><strong><em>viue</em></strong></span> <span class='ocrx_word' id='word_1_178' title='bbox 1416 2585 1513 2654; x_wconf 86' lang='lat' dir='ltr'><strong><em>vocis</em></strong></span> 
     </span>
     <span class='ocr_line' id='line_1_20' title="bbox 282 2697 1513 2788; baseline 0.003 -24"><span class='ocrx_word' id='word_1_179' title='bbox 282 2700 428 2779; x_wconf 62' lang='lat' dir='ltr'><strong><em>oraculo</em></strong></span> <span class='ocrx_word' id='word_1_180' title='bbox 449 2699 505 2768; x_wconf 87' lang='lat' dir='ltr'><strong><em>del</em></strong></span> <span class='ocrx_word' id='word_1_181' title='bbox 531 2719 633 2786; x_wconf 84' lang='lat' dir='ltr'>papa,</span> <span class='ocrx_word' id='word_1_182' title='bbox 655 2721 736 2786; x_wconf 82' lang='lat' dir='ltr'><strong><em>pura</em></strong></span> <span class='ocrx_word' id='word_1_183' title='bbox 758 2720 825 2784; x_wconf 89' lang='lat' dir='ltr'><strong><em>que</em></strong></span> <span class='ocrx_word' id='word_1_184' title='bbox 847 2697 991 2784; x_wconf 79' lang='lat' dir='ltr'><strong><em>pudiese</em></strong></span> <span class='ocrx_word' id='word_1_185' title='bbox 1011 2710 1127 2767; x_wconf 83' lang='lat' dir='ltr'><strong><em>entrar</em></strong></span> <span class='ocrx_word' id='word_1_186' title='bbox 1146 2721 1190 2768; x_wconf 84' lang='lat' dir='ltr'><strong><em>en</em></strong></span> <span class='ocrx_word' id='word_1_187' title='bbox 1213 2700 1246 2768; x_wconf 83' lang='lat' dir='ltr'><strong><em>la</em></strong></span> <span class='ocrx_word' id='word_1_188' title='bbox 1265 2701 1467 2788; x_wconf 76' lang='lat' dir='ltr'><strong><em>Compania3</em></strong></span> <span class='ocrx_word' id='word_1_189' title='bbox 1490 2725 1513 2787; x_wconf 92' lang='lat' dir='ltr'>y</span> 
     </span>
     <span class='ocr_line' id='line_1_21' title="bbox 280 2815 1365 2903; baseline 0.003 -23"><span class='ocrx_word' id='word_1_190' title='bbox 280 2817 424 2902; x_wconf 86' lang='lat' dir='ltr'><strong><em>quando</em></strong></span> <span class='ocrx_word' id='word_1_191' title='bbox 440 2827 515 2884; x_wconf 85' lang='lat' dir='ltr'><strong><em>esto</em></strong></span> <span class='ocrx_word' id='word_1_192' title='bbox 530 2835 577 2902; x_wconf 88' lang='lat' dir='ltr'><strong><em>yo</em></strong></span> <span class='ocrx_word' id='word_1_193' title='bbox 592 2837 743 2902; x_wconf 85' lang='lat' dir='ltr'><strong><em>propuse</em></strong></span> <span class='ocrx_word' id='word_1_194' title='bbox 759 2816 792 2884; x_wconf 83' lang='lat' dir='ltr'><strong><em>al</em></strong></span> <span class='ocrx_word' id='word_1_195' title='bbox 808 2815 931 2896; x_wconf 86' lang='lat' dir='ltr'><strong><em>Padre,</em></strong></span> <span class='ocrx_word' id='word_1_196' title='bbox 949 2837 996 2883; x_wconf 89' lang='lat' dir='ltr'><strong><em>no</em></strong></span> <span class='ocrx_word' id='word_1_197' title='bbox 1010 2837 1067 2882; x_wconf 81' lang='lat' dir='ltr'><strong><em>me</em></strong></span> <span class='ocrx_word' id='word_1_198' title='bbox 1082 2823 1240 2903; x_wconf 81' lang='lat' dir='ltr'><strong><em>repugnd</em></strong></span> <span class='ocrx_word' id='word_1_199' title='bbox 1255 2817 1365 2897; x_wconf 62' lang='lat' dir='ltr'><strong><em>nuda„</em></strong></span> 
     </span>
    </p>

    <p class='ocr_par' dir='ltr' id='par_1_13' title="bbox 269 2929 1511 3133">
     <span class='ocr_line' id='line_1_22' title="bbox 352 2929 1511 3021; baseline 0.003 -25"><span class='ocrx_word' id='word_1_200' title='bbox 352 2929 406 3012; x_wconf 71' lang='lat'><strong><em>4⁰</em></strong></span> <span class='ocrx_word' id='word_1_201' title='bbox 452 2932 594 3016; x_wconf 81' lang='lat' dir='ltr'><strong><em>Quanto</em></strong></span> <span class='ocrx_word' id='word_1_202' title='bbox 612 2931 647 2998; x_wconf 82' lang='lat' dir='ltr'><strong><em>al</em></strong></span> <span class='ocrx_word' id='word_1_203' title='bbox 673 2929 771 3000; x_wconf 87' lang='lat' dir='ltr'><strong><em>venir</em></strong></span> <span class='ocrx_word' id='word_1_204' title='bbox 794 2932 838 3000; x_wconf 88' lang='lat' dir='ltr'><strong><em>de</em></strong></span> <span class='ocrx_word' id='word_1_205' title='bbox 865 2931 990 3000; x_wconf 86' lang='lat' dir='ltr'><strong><em>Strada</em></strong></span> <span class='ocrx_word' id='word_1_206' title='bbox 1011 2954 1034 3017; x_wconf 95' lang='lat' dir='ltr'>y</span> <span class='ocrx_word' id='word_1_207' title='bbox 1061 2932 1197 3017; x_wconf 80' lang='lat' dir='ltr'><strong><em>saboya</em></strong></span> <span class='ocrx_word' id='word_1_208' title='bbox 1221 2955 1303 3019; x_wconf 82' lang='lat' dir='ltr'><strong><em>para</em></strong></span> <span class='ocrx_word' id='word_1_209' title='bbox 1318 2935 1511 3021; x_wconf 61' lang='lat' dir='ltr'><strong><em>carogum,</em></strong></span> 
     </span>
     <span class='ocr_line' id='line_1_23' title="bbox 269 3026 866 3133; baseline 0 -19"><span class='ocrx_word' id='word_1_210' title='bbox 269 3026 355 3132; x_wconf 57' lang='lat' dir='ltr'><strong><em>&#39;que</em></strong></span> <span class='ocrx_word' id='word_1_211' title='bbox 371 3049 486 3133; x_wconf 84' lang='lat' dir='ltr'>hagan</span> <span class='ocrx_word' id='word_1_212' title='bbox 503 3065 603 3114; x_wconf 88' lang='lat' dir='ltr'><strong><em>como</em></strong></span> <span class='ocrx_word' id='word_1_213' title='bbox 621 3047 671 3114; x_wconf 85' lang='lat' dir='ltr'><strong><em>les</em></strong></span> <span class='ocrx_word' id='word_1_214' title='bbox 683 3045 866 3132; x_wconf 64' lang='lat' dir='ltr'><strong><em>pareziere·</em></strong></span> 
     </span>
    </p>
   </div>
   <div class='ocr_carea' id='block_1_6' title="bbox 279 3223 1515 3416">
    <p class='ocr_par' dir='ltr' id='par_1_14' title="bbox 279 3223 1515 3416">
     <span class='ocr_line' id='line_1_24' title="bbox 337 3223 1515 3328; baseline 0.001 -21"><span class='ocrx_word' id='word_1_215' title='bbox 337 3267 351 3296; x_wconf 76' lang='lat'>²</span> <span class='ocrx_word' id='word_1_216' title='bbox 390 3249 561 3308; x_wconf 68' lang='lat' dir='ltr'><strong><em>Obliteratus</em></strong></span> <span class='ocrx_word' id='word_1_217' title='bbox 573 3256 644 3308; x_wconf 84' lang='lat' dir='ltr'><strong><em>sunl</em></strong></span> <span class='ocrx_word' id='word_1_218' title='bbox 657 3253 778 3310; x_wconf 81' lang='lat' dir='ltr'><strong><em>circiter</em></strong></span> <span class='ocrx_word' id='word_1_219' title='bbox 790 3257 853 3309; x_wconf 88' lang='lat' dir='ltr'><strong><em>octo</em></strong></span> <span class='ocrx_word' id='word_1_220' title='bbox 873 3254 975 3328; x_wconf 84' lang='lat' dir='ltr'><strong><em>verbu,</em></strong></span> <span class='ocrx_word' id='word_1_221' title='bbox 993 3257 1022 3309; x_wconf 85' lang='lat' dir='ltr'><strong><em>el</em></strong></span> <span class='ocrx_word' id='word_1_222' title='bbox 1040 3223 1161 3326; x_wconf 71' lang='lat' dir='ltr'><strong><em>quidone</em></strong></span> <span class='ocrx_word' id='word_1_223' title='bbox 1179 3254 1276 3309; x_wconf 85' lang='lat' dir='ltr'><strong><em>multo</em></strong></span> <span class='ocrx_word' id='word_1_224' title='bbox 1298 3257 1429 3326; x_wconf 67' lang='lat' dir='ltr'><strong><em>tempore</em></strong></span> <span class='ocrx_word' id='word_1_225' title='bbox 1444 3260 1515 3328; x_wconf 78' lang='lat' dir='ltr'><strong><em>post</em></strong></span> 
     </span>
     <span class='ocr_line' id='line_1_25' title="bbox 279 3339 1370 3416; baseline 0.004 -20"><span class='ocrx_word' id='word_1_226' title='bbox 279 3340 479 3413; x_wconf 71' lang='lat' dir='ltr'><strong><em>scriptionem</em></strong></span> <span class='ocrx_word' id='word_1_227' title='bbox 488 3339 641 3413; x_wconf 74' lang='lat' dir='ltr'><strong><em>epistolae.</em></strong></span> <span class='ocrx_word' id='word_1_228' title='bbox 659 3339 776 3400; x_wconf 83' lang='lat' dir='ltr'><strong><em>Ultimo</em></strong></span> <span class='ocrx_word' id='word_1_229' title='bbox 788 3341 878 3398; x_wconf 64' lang='lat' dir='ltr'><strong><em>verbu</em></strong></span> <span class='ocrx_word' id='word_1_230' title='bbox 892 3343 1038 3398; x_wconf 63' lang='lat' dir='ltr'><strong><em>meretur</em></strong></span> <span class='ocrx_word' id='word_1_231' title='bbox 1047 3360 1120 3400; x_wconf 81' lang='lat' dir='ltr'><strong><em>esse.-</em></strong></span> <span class='ocrx_word' id='word_1_232' title='bbox 1132 3359 1190 3416; x_wconf 89' lang='lat' dir='ltr'><strong><em>que</em></strong></span> <span class='ocrx_word' id='word_1_233' title='bbox 1203 3342 1252 3398; x_wconf 83' lang='lat' dir='ltr'><strong><em>fue</em></strong></span> <span class='ocrx_word' id='word_1_234' title='bbox 1266 3341 1370 3414; x_wconf 81' lang='lat' dir='ltr'><strong><em>trayle.</em></strong></span> 
     </span>
    </p>
   </div>
   <div class='ocr_carea' id='block_1_7' title="bbox 279 3528 1513 3780">
    <p class='ocr_par' dir='ltr' id='par_1_15' title="bbox 279 3528 1513 3780">
     <span class='ocr_line' id='line_1_26' title="bbox 338 3528 1513 3602; baseline 0.001 -18"><span class='ocrx_word' id='word_1_235' title='bbox 338 3531 349 3564; x_wconf 81' lang='lat'><strong>⁴</strong></span> <span class='ocrx_word' id='word_1_236' title='bbox 386 3528 488 3584; x_wconf 70' lang='lat' dir='ltr'><strong><em>Sancti</em></strong></span> <span class='ocrx_word' id='word_1_237' title='bbox 510 3529 617 3600; x_wconf 73' lang='lat' dir='ltr'><strong><em>ignatii</em></strong></span> <span class='ocrx_word' id='word_1_238' title='bbox 637 3529 907 3602; x_wconf 83' lang='lat' dir='ltr'><strong><em>subscriptionibus</em></strong></span> <span class='ocrx_word' id='word_1_239' title='bbox 927 3547 987 3586; x_wconf 89' lang='lat' dir='ltr'><strong><em>non</em></strong></span> <span class='ocrx_word' id='word_1_240' title='bbox 1009 3529 1172 3586; x_wconf 85' lang='lat' dir='ltr'><strong><em>secundum</em></strong></span> <span class='ocrx_word' id='word_1_241' title='bbox 1195 3529 1277 3588; x_wconf 85' lang='lat' dir='ltr'><strong><em>illius</em></strong></span> <span class='ocrx_word' id='word_1_242' title='bbox 1289 3539 1419 3586; x_wconf 85' lang='lat' dir='ltr'><strong><em>mentem</em></strong></span> <span class='ocrx_word' id='word_1_243' title='bbox 1440 3545 1513 3586; x_wconf 87' lang='lat' dir='ltr'><strong><em>usus</em></strong></span> 
     </span>
     <span class='ocr_line' id='line_1_27' title="bbox 279 3617 1511 3692; baseline 0.002 -20"><span class='ocrx_word' id='word_1_244' title='bbox 279 3617 378 3674; x_wconf 81' lang='lat' dir='ltr'><strong><em>fuerat</em></strong></span> <span class='ocrx_word' id='word_1_245' title='bbox 391 3617 518 3690; x_wconf 75' lang='lat' dir='ltr'><strong><em>Natalis,</em></strong></span> <span class='ocrx_word' id='word_1_246' title='bbox 530 3618 656 3692; x_wconf 86' lang='lat' dir='ltr'><strong><em>ideoque</em></strong></span> <span class='ocrx_word' id='word_1_247' title='bbox 669 3619 707 3675; x_wconf 88' lang='lat' dir='ltr'><strong><em>ab</em></strong></span> <span class='ocrx_word' id='word_1_248' title='bbox 719 3617 836 3689; x_wconf 75' lang='lat' dir='ltr'><strong><em>ignatio</em></strong></span> <span class='ocrx_word' id='word_1_249' title='bbox 849 3620 1057 3692; x_wconf 82' lang='lat' dir='ltr'><strong><em>reprehensus.</em></strong></span> <span class='ocrx_word' id='word_1_250' title='bbox 1072 3619 1149 3676; x_wconf 84' lang='lat' dir='ltr'><strong><em>Vide</em></strong></span> <span class='ocrx_word' id='word_1_251' title='bbox 1159 3619 1314 3692; x_wconf 84' lang='lat' dir='ltr'><strong><em>epistolam</em></strong></span> <span class='ocrx_word' id='word_1_252' title='bbox 1327 3619 1365 3676; x_wconf 79' lang='lat' dir='ltr'><strong><em>nd</em></strong></span> <span class='ocrx_word' id='word_1_253' title='bbox 1375 3619 1511 3676; x_wconf 80' lang='lat' dir='ltr'><strong>Natalem</strong></span> 
     </span>
     <span class='ocr_line' id='line_1_28' title="bbox 279 3706 1229 3780; baseline 0 -16"><span class='ocrx_word' id='word_1_254' title='bbox 279 3715 315 3764; x_wconf 82' lang='lat' dir='ltr'><strong><em>et</em></strong></span> <span class='ocrx_word' id='word_1_255' title='bbox 327 3707 561 3779; x_wconf 87' lang='lat' dir='ltr'><strong><em>Domeneccum‚</em></strong></span> <span class='ocrx_word' id='word_1_256' title='bbox 574 3707 592 3762; x_wconf 87' lang='lat'>8</span> <span class='ocrx_word' id='word_1_257' title='bbox 605 3707 791 3780; x_wconf 86' lang='lat' dir='ltr'><strong><em>Septembris</em></strong></span> <span class='ocrx_word' id='word_1_258' title='bbox 804 3706 917 3767; x_wconf 77' lang='lat' dir='ltr'><strong><em>datum.</em></strong></span> <span class='ocrx_word' id='word_1_259' title='bbox 1225 3709 1229 3716; x_wconf 87' lang='lat'>&#39;</span> 
     </span>
    </p>
   </div>
   <div class='ocr_carea' id='block_1_8' title="bbox 280 3881 1515 4756">
    <p class='ocr_par' dir='ltr' id='par_1_16' title="bbox 280 3881 1515 4756">
     <span class='ocr_line' id='line_1_29' title="bbox 336 3881 1515 3958; baseline 0.001 -20"><span class='ocrx_word' id='word_1_260' title='bbox 336 3883 344 3918; x_wconf 88' lang='lat'>¹</span> <span class='ocrx_word' id='word_1_261' title='bbox 384 3884 428 3938; x_wconf 86' lang='lat' dir='ltr'><strong><em>Ex</em></strong></span> <span class='ocrx_word' id='word_1_262' title='bbox 441 3882 544 3940; x_wconf 85' lang='lat' dir='ltr'><strong><em>codice</em></strong></span> <span class='ocrx_word' id='word_1_263' title='bbox 557 3884 676 3958; x_wconf 77' lang='lat' dir='ltr'><strong><em>Regesl.</em></strong></span> <span class='ocrx_word' id='word_1_264' title='bbox 695 3885 720 3949; x_wconf 85' lang='lat' dir='ltr'><strong><em>I,</em></strong></span> <span class='ocrx_word' id='word_1_265' title='bbox 735 3883 787 3939; x_wconf 81' lang='lat' dir='ltr'><strong><em>iol.</em></strong></span> <span class='ocrx_word' id='word_1_266' title='bbox 803 3883 885 3955; x_wconf 83' lang='lat' dir='ltr'>165v‚</span> <span class='ocrx_word' id='word_1_267' title='bbox 900 3901 980 3940; x_wconf 87' lang='lat' dir='ltr'><strong><em>vers.</em></strong></span> <span class='ocrx_word' id='word_1_268' title='bbox 994 3881 1089 3955; x_wconf 79' lang='grc'>33-45,</span> <span class='ocrx_word' id='word_1_269' title='bbox 1103 3883 1136 3939; x_wconf 83' lang='grc' dir='ltr'><strong><em>Ρ.</em></strong></span> <span class='ocrx_word' id='word_1_270' title='bbox 1151 3881 1271 3940; x_wconf 83' lang='lat' dir='ltr'><strong><em>Polanci</em></strong></span> <span class='ocrx_word' id='word_1_271' title='bbox 1284 3899 1382 3939; x_wconf 79' lang='lat' dir='ltr'><strong><em>meru.</em></strong></span> <span class='ocrx_word' id='word_1_272' title='bbox 1396 3881 1473 3939; x_wconf 85' lang='lat' dir='ltr'><strong><em>Tum</em></strong></span> <span class='ocrx_word' id='word_1_273' title='bbox 1484 3885 1515 3939; x_wconf 88' lang='lat' dir='ltr'><strong><em>in</em></strong></span> 
     </span>
     <span class='ocr_line' id='line_1_30' title="bbox 280 3970 1514 4046; baseline -0.002 -18"><span class='ocrx_word' id='word_1_274' title='bbox 280 3972 486 4045; x_wconf 65' lang='lat' dir='ltr'><strong><em>hanenstein,</em></strong></span> <span class='ocrx_word' id='word_1_275' title='bbox 502 3979 564 4028; x_wconf 87' lang='lat' dir='ltr'><strong><em>tum</em></strong></span> <span class='ocrx_word' id='word_1_276' title='bbox 577 3971 608 4029; x_wconf 87' lang='lat' dir='ltr'><strong><em>iu</em></strong></span> <span class='ocrx_word' id='word_1_277' title='bbox 621 3971 817 4046; x_wconf 74' lang='lat' dir='ltr'><strong><em>sequentibus</em></strong></span> <span class='ocrx_word' id='word_1_278' title='bbox 836 3970 986 4028; x_wconf 81' lang='lat' dir='ltr'><strong><em>schedulis</em></strong></span> <span class='ocrx_word' id='word_1_279' title='bbox 1000 3979 1051 4028; x_wconf 83' lang='lat' dir='ltr'><strong><em>eut</em></strong></span> <span class='ocrx_word' id='word_1_280' title='bbox 1068 3971 1225 4045; x_wconf 87' lang='lat' dir='ltr'><strong><em>epistoliis,</em></strong></span> <span class='ocrx_word' id='word_1_281' title='bbox 1240 3971 1425 4028; x_wconf 79' lang='lat' dir='ltr'><strong><em>desideretur</em></strong></span> <span class='ocrx_word' id='word_1_282' title='bbox 1445 3971 1514 4028; x_wconf 84' lang='lat' dir='ltr'><strong><em>scri-</em></strong></span> 
     </span>
     <span class='ocr_line' id='line_1_31' title="bbox 280 4059 1514 4136; baseline 0 -21"><span class='ocrx_word' id='word_1_283' title='bbox 280 4059 392 4134; x_wconf 80' lang='lat' dir='ltr'><strong><em>ptionis</em></strong></span> <span class='ocrx_word' id='word_1_284' title='bbox 405 4060 482 4118; x_wconf 85' lang='lat' dir='ltr'><strong><em>dies.</em></strong></span> <span class='ocrx_word' id='word_1_285' title='bbox 500 4061 545 4119; x_wconf 80' lang='lat' dir='ltr'><strong><em>Ex</em></strong></span> <span class='ocrx_word' id='word_1_286' title='bbox 554 4061 626 4118; x_wconf 86' lang='lat' dir='ltr'><strong><em>sede</em></strong></span> <span class='ocrx_word' id='word_1_287' title='bbox 637 4071 747 4134; x_wconf 80' lang='lat' dir='ltr'><strong><em>eutem,</em></strong></span> <span class='ocrx_word' id='word_1_288' title='bbox 758 4077 847 4135; x_wconf 81' lang='lat' dir='ltr'><strong><em>quem</em></strong></span> <span class='ocrx_word' id='word_1_289' title='bbox 860 4062 891 4118; x_wconf 83' lang='lat' dir='ltr'><strong><em>in</em></strong></span> <span class='ocrx_word' id='word_1_290' title='bbox 904 4062 1042 4136; x_wconf 78' lang='lat' dir='ltr'><strong><em>Regestis</em></strong></span> <span class='ocrx_word' id='word_1_291' title='bbox 1054 4059 1223 4134; x_wconf 86' lang='lat' dir='ltr'><strong><em>hujusmodi</em></strong></span> <span class='ocrx_word' id='word_1_292' title='bbox 1232 4060 1349 4116; x_wconf 73' lang='lat' dir='ltr'><strong><em>litterae</em></strong></span> <span class='ocrx_word' id='word_1_293' title='bbox 1357 4069 1514 4133; x_wconf 73' lang='lat' dir='ltr'><strong><em>occupent,</em></strong></span> 
     </span>
     <span class='ocr_line' id='line_1_32' title="bbox 281 4147 1514 4224; baseline -0.002 -18"><span class='ocrx_word' id='word_1_294' title='bbox 281 4167 386 4206; x_wconf 89' lang='lat' dir='ltr'><strong><em>omnes</em></strong></span> <span class='ocrx_word' id='word_1_295' title='bbox 405 4149 598 4206; x_wconf 72' lang='lat' dir='ltr'><strong><em>videaturad</em></strong></span> <span class='ocrx_word' id='word_1_296' title='bbox 620 4148 699 4206; x_wconf 86' lang='lat' dir='ltr'><strong><em>idem</em></strong></span> <span class='ocrx_word' id='word_1_297' title='bbox 717 4158 834 4224; x_wconf 85' lang='lat' dir='ltr'><strong><em>tempus</em></strong></span> <span class='ocrx_word' id='word_1_298' title='bbox 852 4159 1000 4222; x_wconf 81' lang='lat' dir='ltr'><strong><em>spectare.</em></strong></span> <span class='ocrx_word' id='word_1_299' title='bbox 1027 4152 1094 4222; x_wconf 82' lang='lat' dir='ltr'><strong><em>Jem</em></strong></span> <span class='ocrx_word' id='word_1_300' title='bbox 1115 4156 1195 4222; x_wconf 82' lang='lat' dir='ltr'><strong><em>vero,</em></strong></span> <span class='ocrx_word' id='word_1_301' title='bbox 1215 4158 1249 4205; x_wconf 92' lang='lat' dir='ltr'><strong><em>ut</em></strong></span> <span class='ocrx_word' id='word_1_302' title='bbox 1269 4148 1380 4221; x_wconf 74' lang='lat' dir='ltr'><strong><em>aliquid</em></strong></span> <span class='ocrx_word' id='word_1_303' title='bbox 1395 4147 1514 4204; x_wconf 81' lang='lat' dir='ltr'><strong><em>definis·</em></strong></span> 
     </span>
     <span class='ocr_line' id='line_1_33' title="bbox 282 4236 1513 4314; baseline -0.002 -20"><span class='ocrx_word' id='word_1_304' title='bbox 282 4255 361 4310; x_wconf 87' lang='lat' dir='ltr'><strong><em>mus,</em></strong></span> <span class='ocrx_word' id='word_1_305' title='bbox 374 4247 489 4296; x_wconf 85' lang='lat' dir='ltr'><strong><em>certum</em></strong></span> <span class='ocrx_word' id='word_1_306' title='bbox 503 4246 612 4296; x_wconf 75' lang='lat' dir='ltr'><strong><em>estem</em></strong></span> <span class='ocrx_word' id='word_1_307' title='bbox 622 4254 683 4296; x_wconf 79' lang='lat' dir='ltr'><strong><em>non</em></strong></span> <span class='ocrx_word' id='word_1_308' title='bbox 694 4237 828 4314; x_wconf 84' lang='lat' dir='ltr'><strong><em>potuisse</em></strong></span> <span class='ocrx_word' id='word_1_309' title='bbox 844 4237 936 4296; x_wconf 77' lang='lat' dir='ltr'><strong><em>scribi</em></strong></span> <span class='ocrx_word' id='word_1_310' title='bbox 952 4248 1022 4296; x_wconf 79' lang='lat' dir='ltr'><strong><em>ente</em></strong></span> <span class='ocrx_word' id='word_1_311' title='bbox 1038 4238 1246 4295; x_wconf 82' lang='lat' dir='ltr'><strong><em>decurrentem</em></strong></span> <span class='ocrx_word' id='word_1_312' title='bbox 1260 4236 1430 4308; x_wconf 80' lang='lat' dir='ltr'><strong><em>Octobrem,</em></strong></span> <span class='ocrx_word' id='word_1_313' title='bbox 1446 4253 1513 4292; x_wconf 86' lang='lat' dir='ltr'><strong><em>nam</em></strong></span> 
     </span>
     <span class='ocr_line' id='line_1_34' title="bbox 281 4326 1515 4402; baseline -0.002 -18"><span class='ocrx_word' id='word_1_314' title='bbox 281 4327 479 4402; x_wconf 84' lang='lat' dir='ltr'><strong><em>respondetur</em></strong></span> <span class='ocrx_word' id='word_1_315' title='bbox 492 4327 540 4384; x_wconf 86' lang='lat' dir='ltr'><strong><em>bic</em></strong></span> <span class='ocrx_word' id='word_1_316' title='bbox 553 4327 673 4384; x_wconf 76' lang='lat' dir='ltr'><strong><em>Aranni</em></strong></span> <span class='ocrx_word' id='word_1_317' title='bbox 685 4327 795 4385; x_wconf 84' lang='lat' dir='ltr'><strong><em>litteris</em></strong></span> <span class='ocrx_word' id='word_1_318' title='bbox 807 4342 843 4400; x_wconf 77' lang='lat'><strong><em>²9</em></strong></span> <span class='ocrx_word' id='word_1_319' title='bbox 856 4327 1043 4402; x_wconf 72' lang='lat' dir='ltr'><strong><em>Septembris</em></strong></span> <span class='ocrx_word' id='word_1_320' title='bbox 1048 4327 1138 4395; x_wconf 57' lang='lat' dir='ltr'><strong><em>datin</em></strong></span> <span class='ocrx_word' id='word_1_321' title='bbox 1147 4343 1245 4400; x_wconf 84' lang='lat' dir='ltr'><strong><em>nsque</em></strong></span> <span class='ocrx_word' id='word_1_322' title='bbox 1257 4326 1347 4383; x_wconf 85' lang='lat' dir='ltr'><strong><em>scribi</em></strong></span> <span class='ocrx_word' id='word_1_323' title='bbox 1356 4333 1515 4399; x_wconf 85' lang='lat' dir='ltr'><strong><em>putuerunt</em></strong></span> 
     </span>
     <span class='ocr_line' id='line_1_35' title="bbox 281 4414 1515 4490; baseline -0.002 -16"><span class='ocrx_word' id='word_1_324' title='bbox 281 4425 349 4489; x_wconf 87' lang='lat' dir='ltr'><strong><em>post</em></strong></span> <span class='ocrx_word' id='word_1_325' title='bbox 364 4417 503 4490; x_wconf 74' lang='lat' dir='ltr'><strong><em>‚elapsum</em></strong></span> <span class='ocrx_word' id='word_1_326' title='bbox 517 4415 690 4488; x_wconf 75' lang='lat' dir='ltr'><strong><em>Octobrem,</em></strong></span> <span class='ocrx_word' id='word_1_327' title='bbox 704 4431 772 4473; x_wconf 85' lang='lat' dir='ltr'><strong><em>uem</em></strong></span> <span class='ocrx_word' id='word_1_328' title='bbox 794 4418 825 4474; x_wconf 87' lang='lat' dir='ltr'><strong><em>iu</em></strong></span> <span class='ocrx_word' id='word_1_329' title='bbox 839 4417 944 4474; x_wconf 80' lang='lat' dir='ltr'><strong><em>ultima</em></strong></span> <span class='ocrx_word' id='word_1_330' title='bbox 955 4417 1098 4473; x_wconf 75' lang='lat' dir='ltr'><strong><em>schedula</em></strong></span> <span class='ocrx_word' id='word_1_331' title='bbox 1114 4416 1153 4472; x_wconf 86' lang='lat' dir='ltr'><strong><em>ud</em></strong></span> <span class='ocrx_word' id='word_1_332' title='bbox 1165 4414 1377 4488; x_wconf 79' lang='lat' dir='ltr'><strong><em>Rojssdicitur</em></strong></span> <span class='ocrx_word' id='word_1_333' title='bbox 1392 4415 1515 4471; x_wconf 75' lang='lat' dir='ltr'><strong><em>Sanctu-</em></strong></span> 
     </span>
     <span class='ocr_line' id='line_1_36' title="bbox 281 4503 1513 4580; baseline -0.002 -19"><span class='ocrx_word' id='word_1_334' title='bbox 281 4505 400 4564; x_wconf 83' lang='lat' dir='ltr'><strong><em>crucius</em></strong></span> <span class='ocrx_word' id='word_1_335' title='bbox 412 4505 586 4580; x_wconf 75' lang='lat' dir='ltr'><strong><em>scripturus:</em></strong></span> <span class='ocrx_word' id='word_1_336' title='bbox 602 4505 779 4564; x_wconf 69' lang='lat' dir='ltr'><strong><em>«Scriuirsse</em></strong></span> <span class='ocrx_word' id='word_1_337' title='bbox 796 4507 888 4564; x_wconf 79' lang='lat' dir='ltr'><strong><em>Ssute</em></strong></span> <span class='ocrx_word' id='word_1_338' title='bbox 908 4507 955 4576; x_wconf 79' lang='lat' dir='ltr'><strong><em>in,</em></strong></span> <span class='ocrx_word' id='word_1_339' title='bbox 972 4506 1025 4579; x_wconf 88' lang='lat' dir='ltr'><strong><em>qui</em></strong></span> <span class='ocrx_word' id='word_1_340' title='bbox 1039 4507 1151 4562; x_wconf 85' lang='lat' dir='ltr'><strong><em>Romae</em></strong></span> <span class='ocrx_word' id='word_1_341' title='bbox 1164 4505 1213 4577; x_wconf 85' lang='lat' dir='ltr'><strong><em>pie</em></strong></span> <span class='ocrx_word' id='word_1_342' title='bbox 1230 4505 1306 4562; x_wconf 86' lang='lat' dir='ltr'><strong><em>obiit</em></strong></span> <span class='ocrx_word' id='word_1_343' title='bbox 1318 4518 1353 4574; x_wconf 86' lang='lat'><strong><em>²7</em></strong></span> <span class='ocrx_word' id='word_1_344' title='bbox 1363 4503 1513 4564; x_wconf 79' lang='lat' dir='ltr'><strong><em>Octobris.</em></strong></span> 
     </span>
     <span class='ocr_line' id='line_1_37' title="bbox 281 4593 1514 4666; baseline 0 -18"><span class='ocrx_word' id='word_1_345' title='bbox 281 4595 377 4666; x_wconf 78' lang='lat' dir='ltr'><strong><em>igitur</em></strong></span> <span class='ocrx_word' id='word_1_346' title='bbox 389 4593 547 4652; x_wconf 86' lang='lat' dir='ltr'><strong><em>dicendum</em></strong></span> <span class='ocrx_word' id='word_1_347' title='bbox 559 4603 607 4652; x_wconf 86' lang='lat' dir='ltr'><strong><em>est</em></strong></span> <span class='ocrx_word' id='word_1_348' title='bbox 628 4597 683 4652; x_wconf 80' lang='lat' dir='ltr'><strong><em>has</em></strong></span> <span class='ocrx_word' id='word_1_349' title='bbox 703 4595 818 4652; x_wconf 78' lang='lat' dir='ltr'><strong><em>litteras</em></strong></span> <span class='ocrx_word' id='word_1_350' title='bbox 836 4595 979 4652; x_wconf 77' lang='lat' dir='ltr'><strong><em>inclinato</em></strong></span> <span class='ocrx_word' id='word_1_351' title='bbox 995 4595 1057 4666; x_wconf 78' lang='lat' dir='ltr'><strong><em>jem</em></strong></span> <span class='ocrx_word' id='word_1_352' title='bbox 1079 4593 1214 4666; x_wconf 80' lang='lat' dir='ltr'><strong><em>Octobri,</em></strong></span> <span class='ocrx_word' id='word_1_353' title='bbox 1229 4603 1280 4651; x_wconf 81' lang='lat' dir='ltr'><strong><em>sut</em></strong></span> <span class='ocrx_word' id='word_1_354' title='bbox 1292 4594 1329 4649; x_wconf 86' lang='lat' dir='ltr'><strong><em>sd</em></strong></span> <span class='ocrx_word' id='word_1_355' title='bbox 1347 4594 1436 4651; x_wconf 86' lang='lat' dir='ltr'><strong><em>finem</em></strong></span> <span class='ocrx_word' id='word_1_356' title='bbox 1450 4611 1514 4649; x_wconf 86' lang='lat' dir='ltr'><strong><em>ver-</em></strong></span> 
     </span>
     <span class='ocr_line' id='line_1_38' title="bbox 281 4683 614 4756; baseline 0 -16"><span class='ocrx_word' id='word_1_357' title='bbox 281 4693 386 4756; x_wconf 81' lang='lat' dir='ltr'><strong><em>gente,</em></strong></span> <span class='ocrx_word' id='word_1_358' title='bbox 396 4683 521 4756; x_wconf 80' lang='lat' dir='ltr'><strong><em>scriptas</em></strong></span> <span class='ocrx_word' id='word_1_359' title='bbox 536 4701 614 4740; x_wconf 86' lang='lat' dir='ltr'><strong><em>esse.</em></strong></span> 
     </span>
    </p>
   </div>
   <div class='ocr_carea' id='block_1_9' title="bbox 0 0 1821 5375">
    <p class='ocr_par' dir='ltr' id='par_1_17' title="bbox 0 0 1821 5375">
     <span class='ocr_line' id='line_1_39' title="bbox 0 0 1821 5375; baseline 0 0"><span class='ocrx_word' id='word_1_360' title='bbox 0 0 1821 5375; x_wconf 95' lang='lat' dir='ltr'><strong><em> </em></strong></span> 
     </span>
    </p>
   </div>
  </div>
 </body>
</html>
