3625 5375
367 526 385 581 8
744 530 951 586 Mouuuunm
970 529 1150 585 lenimus

330 702 409 747 mur
424 679 562 767 quidem
578 702 622 751 ex
636 680 711 749 aliis
726 682 880 749 fontibus
893 680 1134 769 proximiorem
1150 678 1344 767 scriptionis
1356 678 1446 749 diem
1458 699 1562 749 erue·

330 819 381 878 re;
405 816 664 886 nonnumquam
681 820 764 867 vero
780 771 871 865 hanc
886 808 947 865 aut
963 796 1106 865 similem
1128 794 1164 863 in
1183 796 1315 865 incerto
1331 804 1485 884 tempore
1500 796 1560 863 de·

331 912 504 1000 signando
522 912 701 981 formulam
718 912 972 1001 usurpabimus:
990 914 1118 981 rRoma
1134 934 1155 980 a
1171 928 1190 997 5
1208 911 1322 981 Martii
1334 912 1414 1009 adj
1431 910 1561 999 Aprilis

336 1042 421 1116 1549
439 1032 484 1095 ¹.»
507 1028 607 1114 Quae
622 1028 769 1097 formula
784 1028 949 1097 indicabit
964 1028 1157 1117 epistolam,
1180 1027 1237 1097 eui
1258 1026 1455 1114 hujusmodi
1472 1038 1559 1095 tem·

330 1143 423 1231 poris
439 1155 523 1212 nota
538 1144 705 1232 affigitur,
723 1144 869 1215 inveniri
883 1145 920 1212 in
935 1146 1095 1233 Regestis
1111 1144 1200 1212 inter
1220 1142 1381 1232 epistolas
1401 1164 1445 1212 ex
1465 1144 1559 1213 Urbe

330 1259 452 1327 missas
469 1259 525 1329 die
541 1277 560 1345 5
577 1259 692 1328 Martii
707 1272 743 1329 et
759 1278 778 1346 3
796 1261 936 1347 Aprilis.

397 1375 429 1462 6)
476 1375 582 1443 Aliud
597 1375 712 1460 etiarn,
730 1376 824 1460 quod
839 1376 884 1443 ad
899 1378 1121 1465 epistolarum
1138 1387 1325 1459 auctorem,
1348 1374 1421 1443 sive
1442 1373 1555 1461 potius

329 1492 374 1558 ad
389 1490 523 1558 illarum
539 1490 739 1581 scriptorem
756 1502 900 1581 spectat,
920 1502 1077 1559 notatum
1098 1493 1269 1559 volumus.
1294 1489 1463 1578 Epistolas
1478 1489 1557 1574 qui-

331 1606 423 1689 dem,
446 1630 467 1676 e
487 1628 626 1675 romana
648 1607 831 1677 Societatis
852 1608 949 1674 curia
972 1608 1155 1695 profectas,
1182 1606 1375 1695 ignatianas
1401 1625 1490 1686 esse,
1511 1613 1557 1672 'ac

332 1721 475 1807 proinde
497 1721 633 1810 Ignatio
657 1722 911 1804 adscribendas,
939 1745 1040 1791 nemo
1059 1744 1128 1791 non
1153 1722 1258 1790 videt.
1284 1722 1480 1807 Aliquando
1504 1732 1555 1788 ta-

330 1858 411 1905 men
427 1836 530 1906 etiam
545 1837 764 1925 perspicuum
780 1851 844 1919 est,
863 1862 906 1909 ex
922 1838 1046 1929 Ignatii
1059 1838 1219 1907 mandato
1235 1860 1255 1905 a
1272 1838 1422 1905 Polanco
1437 1836 1553 1905 scribi.

329 1954 399 2021 Sed
415 1952 538 2020 accidit
553 1974 801 2040 saepenumero
823 1966 863 2022 ut
884 1979 928 2027 ex
950 1954 1024 2043 ipso
1047 1952 1232 2045 summario
1253 1952 1386 2022 definiri
1408 1961 1557 2039 nequeat

329 2078 444 2135 utrum
460 2067 614 2155 epistola,
633 2067 689 2135 cui
705 2068 788 2136 illud
805 2071 1001 2157 respondet,
1019 2072 1063 2138 ab
1079 2070 1212 2157 ignatio
1230 2068 1331 2139 luerit
1347 2067 1553 2153 subscripta,

326 2205 371 2251 an
387 2182 474 2251 alius
488 2183 564 2269 ejus
579 2184 717 2253 nomine
732 2184 822 2253 illam
839 2186 1024 2273 scripserit.
1045 2188 1157 2273 Quam
1176 2187 1309 2253 obrem
1325 2184 1361 2251 in
1376 2184 1553 2269 hujusmo-

326 2300 363 2367 di
385 2298 579 2367 summariis
598 2298 751 2380 edendis,
775 2312 814 2366 ut
833 2301 970 2369 veritati
992 2301 1152 2369 simulac
1172 2299 1408 2389 perspicuitati
1429 2320 1554 2367 consu-

327 2416 450 2496 lamus,
480 2416 565 2484 haec
591 2414 691 2481 nobis
718 2417 931 2483 observanda
958 2415 1208 2505 proposuimus:
1242 2415 1392 2502 Quando
1422 2412 1553 2499 liquido

327 2542 475 2613 constat,
504 2541 685 2617 propterea
709 2530 801 2618 quod
823 2530 858 2599 in
883 2531 959 2617 ipsa
978 2532 1121 2619 epistola
1141 2530 1322 2614 asseritur,
1344 2552 1420 2598 eam
1440 2551 1460 2596 a
1487 2532 1552 2597 Po·

327 2648 425 2714 laneo
441 2647 497 2718 vel
512 2648 555 2717 ab
572 2646 639 2714 alio
651 2627 836 2730 conscribi,
859 2648 964 2735 hujus
985 2668 1108 2717 nomen
1131 2646 1295 2736 epistolae
1315 2646 1551 2734 praefigimuS,

325 2785 358 2830 v.
378 2785 447 2850 gn:
469 2765 593 2832 «Pater
603 2765 756 2853 Joaunes
778 2764 823 2832 de
840 2765 991 2832 Polanco
1012 2785 1055 2832 ex
1078 2785 1239 2846 eomm.»;
1258 2766 1396 2850 quando
1418 2761 1553 2833 veroid

327 2899 396 2944 non
417 2878 591 2958 asseritur,
619 2899 682 2947 nec
702 2878 840 2950 aliunde
863 2880 907 2947 ab
931 2881 1064 2967 ignatio
1087 2879 1257 2947 subscribi
1280 2879 1428 2960 videtur,
1455 2889 1550 2960 tunc,

325 2992 452 3062 omisso
471 2992 648 3082 scriptore,
671 2993 801 3062 nomini
822 2995 923 3078 illius,
949 2995 1004 3062 cui
1028 2995 1170 3083 epistola
1193 2995 1351 3076 mittitur,
1374 2993 1552 3081 adjicimus

323 3128 368 3174 ex
383 3108 622 3178 commissione
638 3130 715 3178 earn
727 3109 890 3196 scriptam
903 3109 1043 3194 esse,'in
1055 3111 1148 3178 hunc
1161 3111 1312 3192 modum,
1327 3131 1359 3178 v.
1375 3131 1443 3198 gn:
1464 3113 1550 3178 «Pa-

322 3224 366 3290 tri
376 3224 509 3313 Jacobo
526 3224 646 3291 Lainio
662 3247 705 3294 ex
721 3245 867 3293 comm.»
886 3226 991 3311 Quod
1007 3225 1035 3294 si
1052 3239 1146 3294 certo
1162 3237 1297 3294 constet
1312 3226 1489 3313 epistolam
1506 3226 1550 3292 ab

323 3340 398 3426 ipso
412 3339 562 3426 lgnatio,
575 3340 748 3426 propriam
761 3342 953 3410 sustinente
966 3363 1158 3428 personam,
1173 3341 1287 3423 scribi,
1302 3339 1440 3410 nominc
1451 3342 1552 3408 dum·
1615 3333 1620 3344 ’

325 3466 418 3522 taxat
434 3453 537 3538 illius,
556 3457 599 3522 ad
617 3476 718 3542 quem
735 3456 878 3544 epistola
895 3458 1008 3542 datur,
1028 3458 1182 3524 contenti
1194 3457 1334 3540 erimuS,
1352 3443 1446 3524 nulla¹
1463 3457 1554 3524 facta

325 3570 502 3642 mentione
517 3571 561 3639 de
577 3571 767 3654 litterarum
783 3585 935 3655 auctore,
961 3597 993 3640 v.
1017 3595 1086 3661 gr.:
1114 3574 1228 3642 «Patri
1245 3574 1375 3662 Jacobo
1396 3572 1550 3640 Lainior.

392 3690 509 3774 Atque
525 3689 611 3756 haec
627 3689 671 3758 de
687 3688 819 3759 ratione
835 3689 869 3756 in
886 3689 1020 3759 edendo
1039 3689 1104 3757 hoc
1121 3689 1306 3770 volumine,
1326 3711 1346 3756 a
1362 3689 1464 3756 nobis
1479 3711 1553 3758 set·

328 3815 419 3886 vata,
438 3805 601 3874 lectorem
618 3805 791 3872 monuisse
807 3805 968 3874 sufficiat.
