3625 5375
739 433 948 489 Mantineam
968 434 1148 490 Ioannem

903 585 982 669 atta

447 719 517 811 ee.
544 719 760 786 Antonio
784 719 979 818 vinomo
1005 711 1067 786 ΕΤ·
1089 719 1244 787 penno
1269 717 1439 786 ateana:

625 860 628 872 ¹
742 854 829 898 nona
853 855 885 912 19
903 855 1014 924 naara
1035 856 1105 913 1549
1124 843 1145 902 ¹.

305 924 308 934 .
332 955 470 1010 Testatur
483 955 625 1030 ignatius
644 957 801 1013 Vinckium
814 961 843 1013 et
861 957 999 1022 Rieram,
1017 961 1059 1013 ad
1074 959 1251 1015 comitanda
1270 965 1379 1014 saneta
1399 960 1557 1034 virginum

505 1051 533 1101 et
546 1050 719 1118 martyram
732 1049 844 1120 capita,
860 1047 1031 1104 Messanam
1045 1067 1080 1104 ex
1092 1049 1262 1105 obedientia
1274 1051 1375 1106 adire.

395 1162 537 1230 Dilectis
558 1163 592 1230 in
614 1162 678 1232 X.⁰
695 1166 778 1253 Jesu
800 1165 964 1231 fratribus
985 1146 1091 1235 Mtra.
1115 1166 1269 1232 Antonio
1295 1166 1420 1244 vinca,
1444 1187 1557 1232 sacer·
1631 1218 1634 1222 -

326 1279 398 1346 doti
415 1277 599 1347 Societatis
611 1282 707 1368 Jesu,
726 1291 761 1346 et
777 1281 880 1347 Petro
897 1280 1013 1360 Riese,
1034 1279 1242 1348 scholastico
1263 1281 1416 1350 eiusdem
1439 1282 1557 1350 Socie·

328 1393 419 1474 tatis,
438 1395 583 1460 salutem
600 1395 635 1460 in
651 1395 801 1462 Domino
816 1397 1072 1482 sempiternam.

394 1510 483 1578 Cum
500 1531 520 1576 a
537 1509 635 1576 nobis
651 1511 818 1598 petieritis
834 1510 1050 1579 obedientiae
1070 1522 1205 1579 vestrae
1226 1511 1470 1593 testimonium,
1489 1535 1558 1597 qua

327 1628 520 1694 Messanam
549 1626 594 1691 ad
619 1625 814 1692 comitanda
836 1638 956 1692 sancta
978 1626 1091 1713 capita
1117 1626 1290 1713 virginum
1318 1637 1353 1694 et
1381 1628 1556 1694 martirum

326 1740 422 1826 Xpi.‚
441 1751 477 1806 et
496 1741 576 1821 alia,
599 1733 687 1826 qaae
714 1742 839 1810 ibidem
863 1742 1100 1829 iniungentur,
1127 1744 1299 1825 obeunda,
1324 1743 1553 1825 destinamini3

327 1855 438 1922 visum
454 1867 507 1924 est
523 1855 559 1920 in
575 1855 723 1924 Domino
740 1878 799 1942 per
817 1859 921 1926 hasce
936 1859 1064 1940 literas,
1083 1868 1199 1924 nostra
1211 1880 1316 1924 manu
1328 1869 1363 1926 et
1375 1858 1557 1926 Societatis

327 1983 463 2037 nostrae
479 1971 592 2057 sigillo
608 1971 769 2056 munitaS,
787 1973 946 2042 omnibus
962 1972 1028 2054 his,
1047 1972 1104 2059 qui
1128 1972 1319 2059 percontari
1341 1974 1375 2039 id
1392 1975 1506 2042 volent
1521 1985 1557 2040 et

328 2084 521 2174 intelligere
549 2088 641 2172 quod
666 2088 712 2154 ita
734 2111 771 2156 se
791 2111 846 2157 res
867 2091 1006 2170 habeat,
1027 2090 1121 2173 quod
1142 2089 1185 2154 ad
1204 2072 1391 2179 praemissa
1412 2112 1455 2158 ex
1473 2089 1557 2183 obe-

325 2199 455 2269 dientia
471 2201 535 2269 iter
550 2203 760 2289 suscepistis,
779 2205 944 2270 attestari.

395 2319 524 2386 Datum
542 2321 672 2386 Romae
688 2320 722 2386 in
739 2320 843 2386 domo
860 2320 1043 2388 Societatis
1057 2321 1156 2408 Jesu,
1184 2323 1254 2402 14.ο
1276 2322 1437 2386 calendas
1452 2319 1558 2406 Apri·

326 2435 376 2500 les
399 2451 482 2520 1549
498 2445 523 2499 ⁸.

393 2549 437 2614 In
453 2551 628 2636 margine.
649 2551 807 2617 Facultas
823 2551 1076 2637 peregrinandi.

914 2724 976 2804 610

673 2864 811 2930 natat
838 2865 993 2931 PETRO
1017 2864 1209 2933 enatato

739 3018 826 3061 noan
850 3019 881 3075 19
900 3019 1010 3063 traam
1031 3019 1100 3076 1549
1122 3010 1140 3060 ¹.

396 3139 537 3213 lgaatna
553 3138 677 3197 Caninio
690 3142 817 3195 mandat
831 3146 864 3195 nl
876 3160 929 3195 sna
941 3145 1064 3197 nomine
1076 3142 1297 3215 magistratum
1314 3143 1486 3210 conveniat,

734 3230 903 3301 diplomata
914 3250 950 3287 ac
959 3233 1040 3285 dossa
1047 3231 1145 3314 serat.

395 3367 461 3433 Per
482 3363 659 3449 epistolam
681 3387 762 3433 vero
785 3368 824 3432 P.
849 3368 955 3433 Petro
976 3365 1115 3433 Canisio
1137 3365 1274 3452 publico
1294 3366 1376 3431 artis
1398 3365 1556 3432 Rhetori-

325 3498 387 3547 cae
413 3480 604 3548 Professori
618 3480 714 3549 dedit
735 3479 788 3569 [Ρ.
812 3480 978 3567 ignatius]
1000 3480 1034 3546 in
1057 3480 1243 3561 mandatis,
1267 3491 1306 3545 ut
1328 3502 1392 3547 suo
1419 3480 1557 3551 nomine

378 3646 391 3673 ²
412 3630 542 3700 [gnatius
555 3630 685 3697 additu!
697 3632 731 3685 in
749 3630 859 3696 altera·
878 3636 905 3684 et
923 3632 1028 3685 statim
1051 3632 1188 3701 sequitur
1205 3633 1277 3687 haec
1297 3630 1467 3686 annotatio:
1489 3631 1556 3689 Non

326 3726 396 3774 sunt
407 3718 534 3790 scriptae
547 3725 684 3791 patentes
697 3720 814 3775 litterae
828 3738 915 3776 manu
933 3720 1051 3792 propria
1065 3720 1098 3774 P.
1113 3720 1152 3775 N.
1166 3720 1286 3791 Ignatii,
1300 3720 1354 3776 sed
1364 3729 1476 3777 tantum
1488 3720 1557 3777 sub·

327 3808 464 3879 scriptae.

327 3906 537 3915 —1--n--n

381 3941 388 3974 ¹
428 3943 471 3997 Ex
485 3943 652 4015 apographo
666 3942 696 3997 in
708 3942 811 3998 codice
821 3942 941 3998 Decret.
953 3947 981 3998 et
991 3945 1093 4007 insin..
1105 3942 1157 4006 fol.
1171 3956 1234 4014 19v.
1245 3946 1349 3999 Exstat
1358 3945 1557 4016 apographum

327 4030 356 4086 in
372 4028 446 4085 Cod.
466 4032 581 4095 Paris„
597 4049 625 4087 n.
640 4046 686 4101 49,
699 4030 750 4092 fal.
763 4030 808 4101 73.
819 4030 972 4100 -Cartas,
985 4050 1014 4087 n.
1030 4032 1146 4090 CLXV.

384 4212 389 4243 ¹
429 4208 472 4263 Ex
485 4226 576 4281 opere
588 4210 683 4264 Patris
697 4210 918 4282 Brauasberger
932 4210 963 4264 S.
978 4211 1019 4281 J.‚
1033 4210 1081 4265 cui
1095 4211 1209 4266 titulus:
1220 4212 1311 4266 Beati
1325 4210 1411 4265 Petri
1426 4209 1554 4275 Cant'sii,

392 4296 551 4369 Epistulae
568 4304 595 4355 et
613 4303 696 4363 acta,
716 4308 737 4355 t.
757 4300 782 4369 1,
801 4316 882 4370 pags.
904 4313 956 4369 292
978 4308 1009 4355 et
1028 4298 1092 4369 293.
1116 4300 1194 4355 Huic
1215 4301 1359 4372 epistolae
1381 4306 1555 4372 sequentem

326 4386 495 4459 praeposuit
508 4388 737 4443 annotationem:
753 4390 814 4443 «Ex
828 4406 918 4461 opere
931 4390 1087 4462 posthumo
1100 4388 1134 4444 P.
1154 4390 1278 4445 Placidi
1296 4389 1452 4461 Sampien‘
1466 4389 1499 4445 S.
1512 4389 1554 4461 J.,

326 4476 571 4547 messanensis,...
588 4478 731 4533 ‘Messana
746 4478 776 4533 S.
792 4478 825 4533 P.
840 4480 878 4548 Q.
890 4478 934 4533 R.
953 4480 1127 4551 Regumque
1144 4476 1265 4534 decreto
1283 4479 1391 4535 nobilis
1408 4478 1556 4551 exempla·

326 4564 366 4619 ris
386 4571 415 4618 et
433 4566 516 4635 regni
534 4566 652 4621 Siciliae
669 4570 768 4639 caput’
782 4568 810 4621 11
823 4568 990 4635 (Messanae
1007 4570 1098 4637 1742),
1112 4566 1240 4638 533534.
1257 4567 1366 4622 Eadem
1380 4568 1442 4622 fere
1455 4566 1555 4623 italico

326 4670 459 4709 sermone
472 4664 624 4710 narrantur
638 4656 667 4711 ia
680 4656 813 4712 eiusdem
827 4656 954 4712 auctoris
967 4658 1192 4728 ιΙοοηοΙοςὶειῖ..
1207 4666 1277 4728 etc.¹
1290 4673 1319 4729 p.
1333 4655 1483 4712 203·210.n
