3625 5375
406 418 442 475 68
783 420 992 477 Mouousom
1012 418 1191 476 lenimina

369 595 431 641 sua
449 573 566 639 diuina
582 574 725 643 maesta.
746 554 861 640 Primo
877 574 1043 641 {accendo
1057 571 1213 642 oratione
1227 596 1288 660 per
1303 574 1439 645 diuerso
1456 579 1548 647 volte
1564 582 1599 645 at

367 689 516 773 Signore
532 700 663 771 nostro,
681 701 717 757 et
731 690 880 757 volendo
895 687 931 754 in
948 699 1039 755 tutto
1055 689 1089 753 la
1103 688 1160 774 piu
1182 688 1291 774 gloria
1306 712 1382 771 sua,
1401 713 1504 759 senza
1521 714 1587 763 me-

365 806 477 873 scolar
492 804 535 873 ne
551 804 728 874 desideras
744 807 830 873 altra
853 826 934 872 cosa
950 806 1112 885 alchuna,
1136 826 1190 871 me
1211 826 1336 891 pareua
1352 808 1467 894 (senza
1482 814 1595 895 poter'

363 920 530 1005 dubitare)
546 922 612 987 che
629 920 770 987 nissuna
786 920 989 989 alteratione
1001 920 1032 987 si
1048 919 1190 987 dobbesi
1207 922 1289 1001 fare,
1300 944 1363 989 -ma
1379 926 1436 988 ch'
1454 923 1489 991 in
1503 936 1594 993 tutto

306 1099 310 1107 .
360 1036 389 1103 si
405 1035 542 1104 metessi
555 1035 589 1101 in
606 1035 821 1103 essecutione
837 1038 869 1103 la
884 1037 976 1103 bolla
992 1038 1142 1103 secondo
1158 1038 1213 1102 elr'
1232 1036 1250 1103 ὲ
1268 1036 1424 1121 ispedita,
1440 1042 1591 1109 essendo

359 1173 419 1237 per
431 1154 474 1217 V.
493 1151 581 1221 Sria.
600 1152 819 1235 domandata,
838 1163 873 1221 et
885 1173 946 1237 per
962 1152 994 1217 la
1010 1150 1143 1218 infinita
1159 1162 1193 1217 et
1208 1173 1339 1219 somma
1351 1153 1456 1219 bonta
1469 1155 1590 1223 diuina

358 1269 392 1334 la
407 1269 521 1335 buona
536 1278 571 1334 et
586 1281 685 1333 santa
701 1278 817 1335 mente
829 1267 863 1333 di
881 1269 923 1334 V.
945 1266 1033 1335 Sria.
1049 1266 1248 1347 illuminata,
1264 1280 1378 1336 tamen
1397 1292 1455 1355 per
1472 1274 1590 1337 conse-

358 1385 425 1451 rire
440 1383 465 1448 il
491 1382 559 1449 mio
583 1380 710 1449 sentire
733 1404 754 1448 o
778 1382 958 1451 intendere
986 1384 1032 1469 (et
1059 1404 1128 1449 non
1155 1382 1173 1448 ὲ
1201 1382 1235 1449 di
1263 1384 1511 1471 merauigliare
1522 1388 1588 1454 che

357 1502 431 1568 Sto.
452 1499 556 1565 Paolo
572 1495 588 1537 ¹¹
603 1507 681 1583 post
698 1498 824 1563 multos
841 1498 989 1577 labores,
1004 1509 1085 1583 etc,
1104 1497 1222 1583 dipuoi
1243 1501 1308 1565 che
1328 1498 1413 1564 vidit
1434 1512 1468 1565 et
1488 1501 1587 1567 audi-

358 1614 407 1681 uit
423 1636 546 1681 arcana
562 1613 628 1682 Dei
643 1614 670 1694 ⁸,
688 1614 784 1681 volse
800 1614 909 1679 ander
924 1634 942 1677 a
960 1611 1176 1680 Hierusalem
1194 1634 1213 1677 a
1229 1613 1440 1681 comunicar’
1459 1634 1525 1683 con
1537 1617 1585 1698 gli

357 1730 433 1797 altri
450 1730 606 1816 apostoli,
636 1750 679 1795 ne
695 1726 731 1793 ln
759 1748 906 1794 vacuum
935 1726 1144 1795 cucurrisset
1161 1730 1185 1809 ⁵,
1216 1749 1350 1797 comme
1366 1730 1414 1797 lui
1431 1732 1586 1799 medemo

358 1845 459 1932 dice),
478 1845 511 1910 io
526 1845 687 1911 hauendo
703 1846 854 1910 anchora
871 1846 941 1911 tale
953 1843 1194 1911 commissione
1210 1842 1245 1911 di
1261 1846 1305 1910 V.
1325 1845 1428 1925 Sria.,
1446 1846 1545 1913 andai
1560 1847 1583 1911 il

357 1960 499 2047 giouedr
517 1971 685 2046 seguente
705 1982 725 2026 a
752 1960 912 2027 conferir'
941 1982 1006 2026 con
1023 1962 1134 2027 Mons.
1164 1962 1263 2029 Rmo.
1285 1960 1321 2025 di
1337 1961 1444 2029 Santa
1466 1963 1488 2049 †
1507 1964 1531 2043 ⁴,
1549 1975 1584 2030 et

352 2097 418 2142 con
435 2078 546 2142 Mons.
567 2078 679 2144 Maleo
695 2078 721 2155 ⁸,
736 2088 771 2141 et
788 2078 889 2143 Mtro.
911 2076 1086 2143 Bobadilla
1101 2097 1169 2143 con
1187 2079 1300 2143 Mons.
1320 2078 1457 2143 Verallo
1478 2080 1503 2157 ⁰,
1523 2100 1585 2165 per

353 2212 467 2259 essere
489 2190 569 2257 tutti
598 2202 692 2257 lanto
720 2192 827 2258 nostri
855 2190 996 2277 padroni
1025 2203 1058 2258 et
1086 2190 1216 2277 signori
1244 2192 1279 2257 in
1304 2212 1384 2259 vera
1404 2194 1531 2261 fidelitir
1547 2207 1582 2261 et

318 2322 323 2331 ·
353 2328 480 2386 amore,
498 2309 563 2375 che
579 2320 724 2391 portario
741 2316 896 2391 aquesta
909 2305 1048 2371 minima
1061 2306 1288 2392 Compagnia,
1303 2306 1361 2393 pio
1377 2306 1412 2373 di
1430 2310 1472 2374 V.
1492 2308 1577 2377 Sria.

353 2424 419 2489 che
438 2433 566 2503 nostra;
584 2433 619 2489 et
635 2421 714 2518 tutti
732 2435 795 2501 tre,
814 2421 950 2487 nemine
967 2420 1195 2507 discrepante,
1214 2444 1299 2489 sono
1320 2424 1376 2490 nel
1396 2421 1581 2491 medesimo

351 2537 518 2625 giudicio,
533 2540 588 2603 ch'
606 2535 641 2602 in
659 2537 778 2665 pissun
795 2538 898 2603 modo
920 2536 949 2602 si
969 2537 1092 2604 debbia
1115 2536 1186 2602 fare
1208 2538 1397 2607 mutatione
1418 2541 1576 2620 alchuna,

351 2676 404 2719 ma
422 2652 476 2720 ch’
494 2653 527 2719 in
547 2663 635 2720 tutto
650 2674 679 2719 si
695 2673 810 2740 vegna
822 2653 854 2718 al
867 2652 937 2721 fine
948 2674 1008 2738 per
1021 2652 1065 2720 V.
1081 2650 1167 2721 Sria.
1183 2652 1387 2734 desiderato,
1402 2656 1530 2720 donato
1543 2667 1578 2723 et

348 2771 547 2857 sopplicato,
566 2793 586 2837 e
602 2793 662 2856 per
675 2772 712 2838 S.
731 2771 769 2838 S.
784 2789 950 2836 concesso
962 2780 996 2835 et
1010 2769 1226 2835 confirmato.
1242 2771 1382 2836 Havuta
1394 2771 1426 2835 la
1441 2791 1576 2856 posses-

348 2888 445 2954 sione
462 2885 648 2972 temporale
666 2882 792 2973 (dipuoi
809 2883 920 2953 chesi
938 2888 1006 2971 pul>
1020 2885 1162 2970 pigliare
1178 2905 1245 2950 con
1261 2886 1294 2952 la
1311 2885 1400 2950 bolla
1417 2883 1572 2970 ispedita,

347 3004 496 3069 secondo
512 2999 568 3067 ch'
585 3025 605 3068 a
623 3003 665 3068 V.
686 3000 774 3068 Sria.
794 3001 929 3068 mandai
947 3004 979 3067 la
995 2995 1176 3069 settimana
1189 3012 1326 3086 passata
1339 3001 1370 3067 le
1382 3001 1478 3068 firme
1494 3003 1537 3068 de
1552 3022 1573 3084 4

346 3139 490 3203 persone
506 3117 541 3182 di
560 3128 654 3183 tanta
681 3116 873 3201 auctorita),
904 3116 1006 3184 etiam
1034 3137 1094 3202 per
1122 3127 1218 3200 poter
1246 3127 1404 3196 mostrar,
1428 3118 1573 3184 essendo

344 3233 502 3318 bisogno,
528 3234 596 3299 ala
624 3231 790 3319 signoria,
809 3253 847 3298 se
864 3235 960 3317 potra
988 3233 1059 3298 sare
1079 3231 1111 3296 la
1131 3228 1314 3316 partitione
1337 3231 1429 3316 degli
1452 3231 1576 3300 redditi

344 3371 404 3435 per
420 3349 500 3414 tutti
513 3348 592 3414 duoi
609 3348 746 3434 collegii
762 3369 821 3433 per
838 3347 1065 3426 medietatem,
1084 3347 1234 3412 secondo
1247 3347 1312 3414 che
1325 3347 1369 3411 V.
1385 3345 1472 3414 Sria.
1493 3347 1572 3432 giu-

344 3464 458 3531 dicara
473 3485 587 3532 essere
602 3464 661 3550 pili
688 3486 709 3528 a
730 3464 839 3550 gloria
865 3461 983 3528 diuina
1006 3465 1217 3528 conformea
1237 3463 1269 3528 le
1296 3461 1386 3528 bolle
1412 3461 1569 3547 ispedite.

344 3582 412 3646 Per
428 3591 524 3646 tanto
540 3580 583 3646 V.
602 3579 690 3647 Sria.
710 3578 799 3644 icon
820 3579 900 3662 quel
921 3575 1039 3663 spirito
1058 3578 1114 3656 ch’
1139 3576 1162 3640 il
1184 3575 1331 3662 Signore
1352 3589 1471 3644 nostro
1489 3577 1512 3644 li
1529 3581 1572 3644 ha

341 3697 433 3776 dato,
452 3704 487 3762 et
504 3695 650 3764 iacendo
665 3695 784 3763 venire
801 3716 820 3759 a
837 3697 942 3763 Mtro
961 3693 1097 3776 Laynez
1113 3712 1133 3757 a
1149 3690 1311 3774 venecia,
1331 3713 1427 3759 corne
1444 3692 1568 3772 scriue,

340 3811 365 3878 li
380 3811 504 3877 mande
519 3813 704 3896 procedere
720 3809 833 3875 inanci
852 3809 897 3874 fin
911 3829 931 3873 a
947 3819 1043 3872 tanto
1059 3807 1126 3874 che
1142 3827 1206 3872 con
1220 3807 1242 3870 l’
1260 3805 1380 3892 agiuto
1401 3818 1435 3875 et
1453 3809 1571 3874 fauore

339 3925 439 3993 solito
455 3925 489 3991 di
502 3926 549 3994 V.
566 3925 669 4006 Stia,
690 3925 839 3992 Domino
851 3933 1069 4010 cooperante,
1084 3921 1166 4008 ogni
1183 3921 1329 3988 cosasia
1345 3922 1440 3988 finito
1457 3945 1477 3988 a
1493 3924 1569 4009 glo·

340 4045 388 4108 ria
405 4055 439 4108 et
456 4043 557 4109 laude
586 4043 642 4109 del
669 4041 818 4126 Signore
846 4052 975 4119 nostr0,
1006 4035 1063 4102 chi
1081 4059 1140 4123 per
1156 4037 1187 4103 la
1204 4059 1262 4103 soa
1279 4033 1409 4102 infinita
1427 4049 1461 4105 et
1476 4031 1570 4105 s'oma

346 4165 545 4175 ———

356 4273 360 4283 ,
390 4223 405 4264 h
447 4220 522 4275 Tria
541 4216 698 4290 sequentia
724 4219 855 4273 verdae!
872 4215 1053 4272 etc.odrliln
1072 4220 1178 4270 sunio
1198 4213 1228 4273 S.
1248 4215 1381 4288 Igrrolr'o.
1421 4217 1463 4258 -i
1483 4215 1571 4285 Quae

335 4318 515 4386 sequuntur,
528 4311 664 4372 manus,
680 4311 800 4385 ignatii
811 4309 919 4364 addito
933 4313 1014 4364 sunt.

337 4420 547 4432 ...-...-——

387 4470 398 4500 ¹
436 4442 842 4533 cr.11rncon.,xn,4.'
1051 4461 1061 4492 ³
1099 4459 1149 4513 nn
1162 4458 1253 4529 orn,
1270 4458 1306 4529 11,
1321 4471 1347 4513 2.

387 4557 398 4588 ⁴
435 4553 593 4607 Marcellus
605 4549 763 4606 Cervinus.
1049 4547 1061 4580 ⁵
1098 4544 1295 4602 Bernardinus
1309 4545 1456 4617 Meliejus.

386 4643 399 4677 ⁰
436 4641 637 4713 Hieronymus
650 4639 797 4694 Verallus.
827 4669 831 4676 -
