3625 5375
382 430 434 489 286
759 430 968 516 nosnatura
987 423 1166 511 lesinam
1268 464 1272 470 ·

346 584 384 665 ti,
403 594 440 651 vt
456 604 476 651 a
492 603 628 651 summo
643 604 744 651 mane
758 584 804 651 ad
821 584 965 651 multam
979 599 1244 670 vequenoctem
1261 586 1497 653 sacerdotibus
1512 606 1577 654 ne·

345 700 484 787 gocium
502 696 722 783 facesset-eun
741 701 815 783 sed,
832 713 871 766 vt
886 699 923 766 in
943 700 1093 769 Domino
1112 720 1224 787 spero,
1247 720 1319 769 non
1340 700 1463 768 minori
1483 701 1577 789 ipso-

346 833 422 884 rum
439 818 567 899 fructu,
585 834 688 901 quam
704 814 919 885 audientium
934 817 1064 898 labore,
1082 828 1296 885 transactum
1310 817 1347 883 id
1359 827 1427 885 est

412 934 567 1001 Verbum
583 932 652 1001 Dei
667 931 810 1021 proponi
825 934 917 1001 solet
929 932 966 1000 in
981 932 1131 1003 walah
1148 941 1267 1001 trasna
1284 945 1323 1000 et
1339 932 1379 1003 in
1395 933 1483 1000 abis.
1506 933 1580 1003 Seri

345 1058 383 1116 et
396 1046 584 1115 christiana
598 1046 754 1115 enesim
770 1064 839 1116 non
857 1066 926 1114 vno
942 1048 1019 1117 loco
1034 1045 1134 1118 bisce
1156 1048 1282 1135 elapsis
1300 1048 1423 1116 diebus
1442 1060 1496 1117 est
1513 1070 1573 1117 ex—

345 1164 468 1251 posita3
487 1162 683 1250 presbiteris
699 1174 814 1233 tamen
831 1163 936 1233 Vrbis
955 1162 1104 1232 desitum
1125 1175 1180 1235 est
1199 1164 1361 1252 praelegi·
1375 1186 1436 1251 per
1454 1164 1577 1234 dees

346 1298 423 1347 sum
439 1279 531 1347 Mtri.
551 1276 742 1347 Hieronimi
758 1280 890 1349 Natalis
905 1278 941 1346 in
958 1270 1122 1361 Sicssiam
1140 1277 1199 1367 qui
1216 1282 1260 1348 ad
1274 1282 1372 1349 edem
1393 1281 1429 1349 S.
1451 1280 1577 1348 Eusta-

284 1409 288 1418 '
347 1394 418 1462 chii
436 1404 488 1463 ter
503 1394 539 1461 in
555 1386 767 1463 hebdomada
783 1394 829 1463 de
840 1395 893 1477 ils,
909 1414 998 1481 quae
1013 1396 1057 1463 ad
1070 1414 1189 1462 verum
1201 1394 1351 1463 officium
1363 1394 1580 1482 pertinebant

347 1508 498 1591 Domini,
517 1508 697 1597 praelegit,
715 1509 829 1579 edicto
842 1524 878 1579 et
894 1510 1103 1579 authoritate
1122 1510 1243 1578 vicarii
1257 1490 1442 1597 compulsis
1462 1528 1576 1577 sacer-

348 1624 498 1707 dotibus,
513 1625 571 1710 qut
585 1643 703 1695 curam
717 1636 843 1713 gerunt
857 1622 1062 1708 animarum,
1072 1637 1111 1691 vt
1121 1624 1259 1695 lectioni
1270 1626 1346 1693 elus
1357 1626 1575 1695 interessent.

414 1740 657 1827 spiritualibus
671 1740 774 1809 etiarn
793 1740 976 1840 exercitiis,
990 1752 1027 1808 et
1040 1740 1228 1809 inimicitiis
1237 1739 1494 1829 componendis,
1509 1760 1578 1807 non

349 1876 468 1923 eorum
485 1866 617 1928 tantum
635 1854 694 1942 qui
710 1858 819 1927 Rome
834 1866 929 1937 sunt,
946 1857 1008 1931 sed
1023 1856 1127 1924 etiam
1142 1856 1301 1939 aliorum3
1324 1856 1502 1943 colloquiis
1519 1854 1579 1923 iti·

351 1970 430 2041 dem
446 1950 701 2057 ερὶτὶῖιιεὶίὶηιε,ι
713 1970 839 2057 quibus
853 1970 897 2038 ad
913 1972 970 2058 pia
985 1988 1090 2058 opera
1103 1973 1200 2039 etad
1219 1973 1470 2041 exonerandam
1493 1989 1578 2040 oon-

259 2178 261 2183 ,
351 2084 530 2154 scientiam
551 2084 708 2155 homines
728 2088 923 2169 trahuntur,
951 2106 1057 2173 opera
1083 2085 1303 2175 impenditur.
1333 2086 1418 2156 Mihi
1444 2098 1580 2157 constat

353 2202 393 2267 P.
412 2200 536 2289 Ignatii
553 2220 658 2289 opera
672 2202 718 2271 de
733 2201 914 2274 cuiusdam
930 2200 1151 2271 restitutione
1165 2204 1268 2283 mota,
1282 2204 1426 2288 quae'ad
1440 2202 1582 2290 triginta
1597 2257 1604 2274 r

349 2316 481 2385 milium
496 2318 702 2385 ducatorum
719 2316 910 2387 redditibus
924 2316 952 2399 i,
970 2317 1098 2404 quibus
1108 2330 1184 2386 etat
1199 2320 1373 2402 detentus3
1396 2320 1487 2386 unde
1506 2338 1580 2386 ma-

351 2431 440 2501 xime
456 2434 641 2500 multorum
657 2432 800 2520 penurie
815 2436 1028 2504 subuentum
1042 2445 1114 2505 est.-

418 2549 480 2617 Est
495 2560 530 2617 et
545 2549 611 2617 alia
626 2550 804 2638 prouincia
820 2570 840 2619 u
856 2550 983 2619 nostris
998 2562 1172 2639 suscepta,
1189 2551 1429 2619 recusantibus
1441 2551 1581 2637 quidem

351 2666 396 2731 ob
413 2664 498 2732 alias
514 2666 614 2754 (quae
631 2676 757 2752 urgent
773 2664 941 2755 plurimae
955 2677 992 2736 et
1006 2666 1230 2754 necessariae)
1247 2666 1502 2754 occupationes;
1519 2668 1582 2736 sed

354 2779 482 2850 vicario
497 2782 622 2848 summi
638 2781 823 2869 pontificis,
839 2802 1060 2854 communem
1076 2783 1256 2852 utilitatem
1270 2781 1485 2864 obtendenti,
1508 2800 1583 2851 mos

355 2897 530 2984 gerendus
545 2897 623 2964 tuit.
642 2897 829 2966 Prouincia
842 2919 885 2968 ea
903 2909 959 2968 est
979 2899 1154 2982 nimirum,
1176 2909 1214 2964 vt
1233 2897 1292 2984 qui
1313 2899 1443 2967 Romae
1462 2899 1507 2965 ad
1526 2917 1583 2966 sa·

354 3033 433 3080 eros
448 3012 610 3102 [ordines]
626 3029 885 3100 promouentur,
901 3014 997 3082 domi
1012 3024 1148 3082 nostrae
1160 3013 1308 3083 debeant
1319 3016 1363 3081 de
1375 3012 1527 3081 moribus
1542 3033 1583 3082 ac

353 3127 511 3196 doctrina
526 3142 562 3198 et
577 3129 653 3198 aliis
667 3131 711 3197 ad
727 3131 795 3198 hoc
815 3141 1068 3199 sacramentum
1082 3127 1288 3222 necessariis
1301 3129 1500 3210 examinari,
1519 3127 1583 3198 nec'

356 3265 582 3331 quemquam
593 3245 824 3334 [prolmissum
840 3256 854 3287 ⁰
869 3246 971 3315 nobis
989 3256 1044 3314 est
1058 3244 1087 3328 i,
1109 3243 1294 3313 admittunt
1309 3245 1354 3312 ad
1368 3244 1481 3334 dictos
1492 3243 1587 3312 ordi·

359 3381 433 3444 nes¹
459 3361 518 3447 qui
540 3361 645 3433 huius
663 3363 787 3429 domus
807 3362 1005 3430 testimonio
1024 3363 1189 3449 probatus
1207 3381 1278 3427 non
1299 3372 1404 3428 esset.
1429 3361 1511 3446 Que
1533 3379 1588 3428 res

357 3496 442 3546 sane
457 3477 622 3545 momenti
638 3488 691 3548 est
707 3477 857 3546 maximi:
875 3477 1059 3548 videbatur
1072 3477 1257 3561 vtindigni
1270 3477 1428 3564 (quorum
1440 3475 1589 3544 maxima

357 3592 505 3662 colluvio
518 3595 746 3679 undecunque
758 3596 901 3662 Romam
914 3595 1106 3681 confluunt)
1119 3594 1380 3680 repellerentur.¹
1393 3591 1437 3657 Et
1449 3609 1588 3658 senemr

357 3709 425 3790 his,
443 3707 501 3795 qui
517 3711 686 3780 hactenus
699 3708 885 3776 exambrati
900 3721 996 3790 sint,
1012 3701 1071 3776 vin
1092 3719 1215 3794 quarta
1234 3726 1313 3794 pers
1332 3703 1589 3793 approbationis

360 3822 592 3894 testimonium
609 3823 700 3891 tulit:
716 3835 820 3910 atque
835 3824 966 3892 vtinam
980 3824 1110 3910 vbique
1124 3823 1281 3910 gentium
1298 3823 1366 3889 hoc
1384 3822 1588 3887 obseruare*

362 3949 431 4023 tur,
449 3949 486 4005 vt
502 3939 683 4025 pauciores
699 3940 819 4020 multo,
837 3940 920 4006 dum
935 3939 1050 4026 magis
1063 3939 1219 4006 doctrina
1234 3950 1270 4006 et
1282 3935 1438 4004 moribus
1456 3931 1585 4015 idonei,

361 4055 405 4122 ad
420 4055 486 4124 Dei
502 4057 635 4122 cultum
651 4066 686 4125 et
702 4053 867 4126 ecclesiae
882 4053 1047 4124 auxilium
1063 4053 1358 4142 promouerenturl

427 4173 464 4237 ln
487 4169 715 4257 hospitalibus
735 4169 838 4240 etiarn
859 4171 1073 4239 infirmorum
1097 4167 1318 4258 ‘spiritualia
1337 4179 1376 4236 'et
1401 4163 1591 4252 corporalia

415 4386 430 4428 b
468 4385 518 4440 Sic
531 4385 564 4439 in
576 4401 635 4440 ms.
677 4397 726 4427 ...e
745 4383 863 4440 Attrita
876 4389 920 4440 est
933 4384 1054 4440 charta.
1095 4384 1146 4428 —d
1166 4381 1308 4452 Quotuor
1320 4379 1483 4452 superiora
1498 4375 1594 4437 verba

361 4477 481 4528 exstem
493 4475 527 4528 in
540 4473 697 4546 margine;
711 4471 774 4528 loco
788 4471 894 4528 ultimi
907 4473 1002 4543 uerbi,
1017 4475 1137 4528 tantum
1148 4471 1265 4545 legitur
1274 4487 1324 4542 ψ,
1338 4468 1419 4542 quod
1431 4483 1486 4522 nos
1499 4468 1592 4526 verti·

362 4579 431 4618 mus
443 4571 501 4634 est,
514 4565 629 4618 attento
642 4561 735 4618 totius
748 4563 874 4635 periodi
889 4579 992 4618 sensu.
1034 4577 1082 4605 -0
1101 4560 1282 4616 infirmorum
1293 4575 1324 4634 p.
1338 4557 1468 4624 ms.;sed
1481 4557 1594 4611 ultimo

361 4652 468 4707 littora
481 4651 656 4708 redundare
665 4651 798 4708 uidetur.
1532 4638 1537 4648 ’
