3625 5375
372 419 425 502 553
750 404 958 461 Mouurruura
978 405 1167 461 lauimus.

403 560 508 645 Quod
520 568 582 625 tua
594 559 786 627 reuerentia
798 558 858 644 ait,
873 580 942 626 non
954 558 1038 627 satis
1049 558 1194 647 intelligi
1206 558 1309 627 etiam
1322 581 1342 625 a
1353 537 1467 624 doctis
1482 566 1563 623 vota
1584 552 1591 563 '

335 674 615 741 scholasticorum
635 674 829 770 SocietatiS,
852 676 1036 761 praecipue
1051 675 1141 742 circa
1161 684 1410 762 paupertatem,
1432 672 1483 741 sic
1502 674 1563 739 ha-

335 790 426 872 beto;
452 792 544 876 quod
563 790 733 857 scolastici
757 802 791 858 et
811 790 879 872 alii,
903 791 963 876 qui
977 790 1190 877 simplicibus
1205 788 1402 859 huiusmodi
1419 787 1510 855 votis
1524 810 1564 858 se

334 904 543 993 astringunt,
553 907 653 991 juxta
664 906 845 975 Societatis
857 906 1114 974 constitutionis
1125 906 1386 993 intelligentiam
1400 915 1563 974 tenentur

159 1010 160 1017 ἵ
241 1104 242 1107 ¹
333 1022 377 1087 ad
392 1033 638 1108 paupertatem,
656 1033 691 1091 et
706 1022 843 1109 quidem
860 1024 1041 1103 actualem,
1056 1024 1123 1105 vel,
1141 1024 1278 1109 quando
1294 1022 1406 1089 visum
1423 1021 1489 1089 erit
1504 1042 1562 1087 su·

332 1137 469 1223 periuri,
488 1160 558 1205 non
578 1139 684 1225 prius,
707 1139 948 1209 inchoandam.
970 1139 1283 1227 ltaque,'quamdiu
1304 1161 1373 1207 non
1395 1148 1477 1207 sunt
1497 1138 1561 1205 ad-

334 1252 427 1321 missi
450 1256 494 1320 ad
514 1229 859 1340 professionem,'nec
879 1255 1009 1343 recepti
1031 1253 1066 1321 in
1089 1254 1305 1323 coadiutores
1323 1256 1498 1337 formatos
1524 1267 1563 1319 vt

332 1381 471 1452 vocant,
488 1370 569 1439 licet
584 1372 649 1437 sub
666 1370 859 1449 obedientia
875 1346 1058 1440 Societatis
1071 1371 1217 1451 militent
1233 1372 1373 1439 Christo
1389 1372 1484 1439 etad
1500 1392 1562 1438 va-

210 1516 213 1521 ·
331 1484 400 1553 rias
428 1484 622 1554 functiones
650 1483 844 1567 mittantur,
870 1488 953 1563 dum
981 1470 1116 1573 tempus
1143 1489 1243 1554 durat
1270 1486 1494 1573 probationis,
1523 1508 1563 1555 se

332 1622 458 1669 exuere
473 1602 695 1669 facultatibus
709 1624 778 1669 non
796 1614 969 1680 tenentur,
983 1596 1044 1673 sed
1055 1602 1164 1691 parati
1176 1625 1251 1671 esse
1263 1604 1403 1685 debent,
1417 1612 1468 1685 vt,
1482 1624 1561 1669 cum

331 1717 577 1803 professionem
593 1718 749 1787 emittent
765 1720 820 1787 vel
840 1718 874 1787 in
896 1720 1112 1787 coadiutores
1132 1721 1296 1787 formatos
1320 1720 1557 1799 admittentur,

329 1826 366 1898 et
388 1833 590 1905 intermedio
615 1845 768 1920 tempore
791 1837 1068 1923 quandocunque
1091 1835 1202 1902 visum
1218 1835 1284 1901 erit
1306 1834 1495 1921 preposito,
1522 1856 1561 1901 se

331 1948 490 2029 omnibus
506 1949 607 2016 bonis
623 1961 751 2016 exuant
766 1961 800 2019 et
816 1962 896 2019 actu
912 1950 998 2017 nudi
1012 1952 1143 2019 nudum
1166 1950 1341 2018 Christum
1358 1961 1559 2037 sequantur.

255 2110 259 2155 .-
331 2066 410 2131 Non
431 2086 516 2151 ergo
538 2064 730 2133 mirandum
751 2077 816 2147 est,
839 2064 868 2133 si
890 2067 1061 2134 scolastici
1076 2066 1259 2136 Societatis
1280 2078 1315 2135 et
1342 2066 1413 2146 alii,
1439 2066 1500 2151 qui
1522 2088 1562 2134 se

331 2179 495 2249 addicunt
511 2179 585 2247 eius
601 2180 759 2248 instituto
775 2204 854 2249 cum
873 2193 953 2250 voto
969 2182 1192 2269 paupertatis
1209 2204 1291 2249 suas
1315 2182 1486 2249 retineant
1507 2183 1560 2247 sa-

330 2296 488 2377 cultates;
503 2306 547 2362 vt
556 2296 678 2363 mirum
695 2318 765 2365 non
781 2311 883 2379 esset,
898 2299 927 2365 si
943 2299 1031 2384 quis,
1046 2310 1165 2365 votum
1182 2300 1315 2366 habens
1330 2296 1502 2365 inuisendi
1518 2297 1560 2363 li·

227 2467 231 2491 ,
331 2410 422 2478 mina
439 2411 532 2479 Petri
553 2424 588 2481 et
610 2412 721 2495 Pauli,
740 2414 852 2481 adhue
863 2425 983 2481 tamen
999 2426 1154 2483 maneret
1171 2413 1326 2493 Louanii,
1345 2412 1374 2479 si
1391 2414 1559 2498 prefixum

330 2526 490 2613 implendi
507 2527 578 2595 voti
594 2539 729 2615 tempus
745 2530 896 2597 nondum
913 2529 1209 2615 venisset.1taque
1225 2529 1260 2595 in
1276 2550 1318 2597 ea
1334 2540 1430 2615 parte
1442 2528 1560 2613 quieto

329 2641 376 2710 sis
393 2644 505 2712 animo
521 2655 555 2711 et
571 2666 706 2726 securo,
726 2648 829 2714 Pater
844 2657 878 2716 et
896 2648 1000 2714 frater
1013 2646 1224 2717 charissime.

395 2761 545 2845 Quodsi
562 2772 658 2847 petas
674 2764 717 2830 de
733 2761 811 2846 iltis,
828 2763 887 2849 qui
904 2762 940 2828 in
955 2762 1129 2832 adiutores
1149 2763 1378 2844 asciscuntur,
1397 2774 1435 2827 vt
1455 2759 1558 2847 spiri·

329 2876 479 2942 tualibus
500 2876 722 2944 facultatibus
744 2878 900 2945 fruantur
921 2877 1114 2958 Societatis,
1133 2879 1307 2964 quomodo
1326 2876 1396 2944 sint
1418 2877 1558 2944 obnoxii

327 3002 409 3058 voto
436 2993 662 3079 paupertatis,
694 2993 912 3062 distinctione
943 2995 1044 3061 unica
1070 3017 1141 3062 rem
1169 2995 1364 3062 declarabo.
1393 2991 1559 3079 Duplices

326 3106 418 3175 enim
434 3119 516 3174 sunt
532 3106 760 3191 coadiutoreS,
779 3107 868 3178 sicut
884 3110 1011 3198 duplex
1026 3121 1080 3179 est
1095 3109 1198 3177 huius
1218 3108 1366 3176 nominis
1381 3107 1559 3196 significa·

328 3221 386 3303 tio;
410 3224 501 3308 apud
522 3247 584 3292 nos
605 3225 743 3310 quidam
764 3226 900 3294 formati
922 3199 1096 3309 dicuntur,
1119 3225 1178 3312 qui
1199 3225 1264 3291 tria
1279 3237 1372 3304 vota,
1389 3224 1471 3292 licet
1487 3245 1558 3289 non

326 3341 503 3420 solemnia,
522 3341 635 3409 vicino
652 3351 766 3410 tamen
783 3343 885 3409 modo
900 3343 1037 3429 publice
1052 3343 1226 3424 emittunt,
1245 3353 1280 3409 et
1296 3354 1427 3428 partem
1442 3351 1457 3381 ⁰
1475 3351 1558 3407 actu

326 3475 486 3524 exercere
502 3454 684 3544 incipiunt3
699 3456 755 3524 alii
770 3457 987 3527 coadiutores
998 3469 1092 3538 sunt,
1106 3480 1175 3525 non
1190 3470 1305 3527 tamen
1318 3457 1468 3538 formati,
1482 3455 1555 3541 qui,

325 3581 362 3635 vt
379 3570 414 3636 in
430 3571 665 3658 spiritualibus
682 3574 735 3639 vel
753 3574 997 3659 temporalibus
1011 3574 1221 3642 Societatem
1238 3573 1417 3655 adiuuent,
1435 3571 1558 3642 admit·

326 3697 458 3768 tuntur,
477 3688 630 3754 nondum
647 3699 761 3756 tamen
777 3689 1036 3775 probationibus
1051 3689 1210 3786 peractis,
1233 3700 1271 3755 vt
1292 3686 1424 3774 possint
1444 3689 1501 3758 vel
1521 3687 1558 3754 in
1585 3755 1594 3765 ,

325 3804 497 3888 professos
513 3805 565 3875 vel
580 3801 615 3871 in
632 3804 847 3871 coadiutores
863 3808 1026 3872 formatos
1042 3805 1188 3874 admitti.
1206 3806 1272 3872 His
1284 3815 1399 3872 tamen
1415 3804 1557 3872 coadiu-

327 3919 457 3984 toribus
485 3941 552 3985 non
581 3919 747 3999 formatis,
778 3931 932 4007 ternpore
959 3920 1203 4007 probationum
1225 3929 1341 4007 potest
1363 3919 1558 4007 prepositus

276 4007 280 4024 ⁸
326 4033 467 4119 gratias,
487 4033 650 4103 Societati
678 4057 858 4102 concessas
879 4036 1087 4103 authoritate
1107 4037 1232 4105 summi
1252 4036 1439 4123 pontificis
1462 4057 1557 4104 com·

325 4149 513 4232 municare,
532 4150 621 4216 sicut
638 4151 698 4217 tibi
714 4163 749 4218 et
765 4151 851 4234 aliis,
870 4151 1069 4218 charissime
1085 4153 1250 4233 Adriane,
1275 4151 1562 4234 communicauit.¹

326 4267 455 4350 Itaque,
479 4265 559 4331 licet
579 4277 696 4332 votum
718 4269 845 4333 habeas
862 4268 1074 4352 paupertatis
1090 4279 1125 4336 et
1140 4267 1319 4336 coadiutor
1333 4267 1382 4335 sis
1398 4269 1555 4347 euidens,

221 4369 226 4380 ¹
326 4393 525 4448 nontamen
544 4383 720 4463 formatus,
740 4382 865 4468 quippe
886 4382 1039 4448 nondum
1061 4384 1237 4471 completis
1264 4384 1362 4452 annis
1382 4383 1557 4472 probatio·

378 4645 391 4674 ὓ
428 4629 646 4704 paupertatem?
