3625 5375
610 462 714 517 Errsr.
737 460 872 531 1048.-7
890 460 1067 517 Fnsnonnn
1089 471 1158 529 ¹550
1406 458 1459 527 675

265 634 334 699 que
360 612 524 681 hobieren
553 614 720 679 voluntad
747 613 790 679 de
817 613 966 692 haze'rla,
989 612 1110 699 podria
1137 611 1404 699 presentttrseles
1430 631 1501 675 vna

266 730 377 816 pbliza
393 730 449 795 del
465 739 562 795 tenor
578 730 621 796 de
637 729 669 795 la
685 750 753 813 que
767 728 824 795 dia
840 729 871 797 el
889 730 988 795 Rmo.
1007 732 1129 796 Morbn
1146 749 1229 813 para
1243 727 1276 793 ei
1296 727 1432 793 bancho
1455 725 1499 791 de

266 844 426 925 Attoniti,
447 845 609 925 dexando
631 868 674 913 en
694 844 818 912 blanco
839 844 939 931 lugat
955 866 1036 931 para
1052 844 1087 911 lo
1107 865 1174 929 que
1190 844 1277 909 cada
1293 863 1360 908 vno
1376 847 1500 926 querra

266 962 338 1029 dar.
363 962 414 1029 Lo
435 961 513 1027 cual
533 960 712 1043 entiendo,
736 959 765 1027 si
785 971 860 1028 otra
881 982 962 1026 cosa
984 959 1092 1045 mejor
1112 960 1178 1025 alla
1193 978 1238 1025 no
1261 957 1457 1044 paresciese
1478 962 1500 1023 a

266 1074 310 1145 V.
329 1079 415 1157 md.,
433 1082 454 1142 a
470 1097 560 1161 cuya
576 1078 773 1161 charidady
788 1074 975 1142 discretidn
990 1075 1073 1142 todo
1089 1096 1127 1141 se
1139 1073 1272 1143 remita.

335 1191 531 1279 «Magnifici
559 1190 718 1259 Altouiti.
754 1192 924 1277 Pagarete
955 1191 987 1257 al
1016 1200 1172 1277 portator
1203 1190 1292 1257 della
1322 1198 1495 1275 presente,

266 1310 368 1377 Mtro.
388 1307 525 1390 Pontia,
544 1318 743 1394 procurator
759 1308 848 1376 della
864 1306 1081 1394 Compagnia
1096 1308 1139 1373 de
1151 1308 1254 1392 Jesus

399 1446 418 1491 e
433 1424 593 1509 ponetelo
609 1446 629 1490 a
644 1435 747 1490 conto
759 1423 847 1490 della
859 1422 1099 1490 distributione
1112 1423 1155 1489 de
1172 1431 1289 1487 nostro
1305 1420 1448 1507 capello,

332 1540 397 1605 Del
413 1539 603 1605 conclaui.»

332 1655 427 1735 Esta,
445 1654 475 1721 si
491 1656 588 1723 fuese
604 1665 786 1737 menester‚
806 1655 849 1721 V.
868 1655 940 1723 md.
958 1676 1021 1721 nos
1036 1654 1069 1720 la
1083 1655 1175 1739 haga
1190 1653 1233 1719 de
1253 1650 1403 1737 copiarla
1423 1656 1499 1717 mas

266 1790 369 1839 vezes
385 1792 467 1856 para
482 1771 533 1837 los
549 1792 617 1855 que
629 1772 726 1839 fuese
741 1769 889 1840 seruido.
1245 1763 1253 1777 “

332 1888 387 1952 No
402 1897 478 1952 otro
488 1886 565 1951 sino
578 1908 646 1971 que
657 1908 703 1951 no
716 1906 887 1953 cessamos
899 1907 943 1951 en
959 1884 1080 1952 missas
1092 1907 1114 1970 y
1126 1882 1303 1952 oraciones
1315 1881 1498 1949 continuas

265 2001 307 2069 de
324 2001 494 2086 supplicar
510 2002 542 2067 al
558 1999 735 2069 santtsimo
750 2001 879 2088 Spiritu
895 2000 1049 2067 inhabita
1064 2000 1164 2067 todos
1179 1999 1232 2066 los
1247 2019 1433 2083 eoracones
1454 1998 1497 2064 de

264 2117 315 2183 los
331 2139 398 2202 que
414 2138 457 2202 ay
473 2123 581 2185 estin.
600 2119 633 2184 A
650 2117 681 2183 el
698 2117 800 2202 plaga
820 2138 882 2202 por
901 2138 943 2182 su
966 2114 1197 2184 misericordia
1217 2113 1350 2181 infinita
1373 2114 1417 2180 de
1437 2115 1497 2179 ha-

264 2232 355 2299 zerlo
375 2234 412 2301 ¹³.

330 2350 384 2415 De
399 2368 478 2413 casa
494 2358 635 2415 nuestra
650 2347 693 2413 de
708 2347 743 2412 la
755 2349 946 2432 Campania
957 2346 1000 2412 de
1009 2347 1110 2433 Jest'rs
1122 2347 1144 2411 6
1156 2346 1199 2411 de
1216 2345 1374 2412 Hebrero
1398 2359 1494 2428 1550.

331 2464 374 2529 In
390 2466 565 2551 margine,
582 2464 620 2529 in
630 2464 806 2548 principio
822 2463 989 2547 epistotae.
1010 2463 1057 2528 Es
1073 2460 1171 2548 copia
1186 2461 1230 2527 de
1246 2472 1321 2527 otra
1336 2481 1404 2545 que
1419 2482 1462 2527 en
1477 2480 1496 2544 3

263 2579 318 2645 del
334 2590 492 2665 presente
508 2578 722 2664 ynbiamosa
739 2580 782 2647 V.
801 2580 886 2660 md.,
904 2600 928 2665 y
949 2599 993 2644 no
1013 2580 1174 2645 sabemos'
1190 2577 1219 2643 si
1240 2578 1308 2642 vbo
1331 2576 1494 2643 recaudo.

832 2741 926 2822 tute

382 2875 537 2941 PATER
561 2874 771 2961 joannes
794 2875 857 2940 on
881 2873 1109 2940 Ponnnco
1134 2873 1197 2939 nx
1220 2873 1372 2940 Coun.

485 3007 714 3064 universas
733 3005 970 3064 socrarnars
984 3003 1278 3086 ‚suenmonrnus
1361 2987 1364 2990 ’

665 3143 754 3187 sona
766 3143 783 3200 7
796 3143 967 3188 snenunnn
983 3144 1051 3199 1550
1066 3131 1086 3188 ¹.

264 3255 394 3312 Litteras
407 3257 656 3330 quadrimestres,
668 3258 706 3313 de
722 3255 809 3312 rebus
827 3257 869 3312 ad
884 3255 1127 3328 aedificationem
1148 3254 1363 3328 spectantibus,
1387 3253 1500 3327 lingna

314 3347 415 3401 latina
432 3351 460 3401 et
476 3346 643 3400 vernacula
655 3346 822 3418 diligenter
837 3344 972 3400 scribant
988 3350 1043 3400 aret
1058 3344 1150 3400 scribi
1166 3349 1286 3410 curent;
1303 3345 1384 3414 qnod
1402 3344 1429 3397 si
1450 3361 1498 3398 ne·

312 3435 450 3507 giigant,
464 3435 562 3489 sciant
575 3451 605 3490 se
618 3435 801 3489 obedientiae
813 3438 973 3505 praecepto
980 3433 1053 3506 sora
1065 3433 1303 3506 obstringendos.

873 3549 890 3602 ‘t

838 3605 918 3691 jhs,

271 3721 273 3730 ,
328 3747 552 3832 Quantopere
573 3747 741 3826 conferat,
766 3757 837 3812 tum
860 3747 903 3811 ad
924 3745 1132 3830 spiritualem
1158 3743 1427 3810 consolationem
1456 3765 1497 3811 ac

261 3861 523 3941 edificationem,
544 3873 615 3928 turn
633 3863 675 3928 ad
691 3861 851 3928 vnionem
883 3883 1015 3944 eorum,
1034 3860 1091 3946 qui
1108 3862 1151 3927 de
1166 3860 1340 3930 Societate
1355 3871 1449 3944 sunt,
1462 3871 1498 3928 et

266 4003 463 4014 *unu——

306 4067 329 4101 ¹⁵
367 4066 433 4121 Non
451 4074 567 4120 constat
584 4066 632 4121 cui
651 4066 740 4120 missa
757 4067 830 4122 haec
848 4067 973 4138 epistola
990 4064 1090 4133 tuerit3
1104 4074 1244 4136 attamen,
1259 4065 1328 4136 quia
1345 4063 1498 4136 hispanice

216 4179 219 4188 ·
263 4155 371 4226 scripta
385 4163 442 4226 est,
457 4164 486 4209 et
501 4154 530 4209 in
548 4155 669 4210 exordio
686 4157 830 4227 epistolae
848 4155 986 4210 salutatio
1005 4163 1163 4226 usurpatur
1179 4155 1354 4209 clericorum
1367 4153 1495 4226 propria,

263 4244 436 4314 conjicimus
449 4262 513 4298 eam
524 4243 560 4299 ad
571 4243 755 4299 sacerdotem
768 4254 818 4298 aut
831 4245 971 4298 clericum
985 4244 1139 4316 hispanum
1153 4243 1268 4314 exiliis,
1281 4244 1332 4314 qui
1342 4243 1497 4298 cardinali·

263 4333 318 4386 bus
332 4333 362 4387 in
375 4333 508 4387 conclavi
522 4332 654 4404 aderant,
668 4332 761 4388 fuisse
774 4332 883 4388 datam.

318 4516 324 4546 ¹
363 4513 407 4566 Ex
425 4510 601 4566 adversariis
618 4511 809 4582 autographis
831 4512 860 4565 P.
879 4510 1008 4583 Poianci
1028 4510 1058 4567 in
1075 4509 1178 4567 codice
1197 4511 1293 4582 Epist.
1313 4509 1443 4565 Poianci
1461 4528 1497 4566 ex

262 4618 381 4668 sonim„
403 4612 413 4653 1
434 4600 504 4670 ioh,
518 4617 548 4656 n.
565 4611 625 4671 125,
641 4599 721 4672 prius
737 4600 797 4655 130.
813 4601 847 4656 In
866 4601 1023 4673 Regnat,
1043 4600 1094 4656 tol.
1112 4599 1190 4671 193v,
1207 4617 1285 4656 vers.
1302 4599 1357 4672 1·6‚
1371 4601 1497 4654 habetur

261 4689 340 4744 illius
353 4689 555 4762 summarium,
568 4689 647 4762 quod
660 4688 783 4745 inferius
795 4689 911 4761 damus,
926 4707 1013 4746 manu
1028 4691 1061 4747 P.
1077 4689 1196 4745 Polanci
1210 4690 1364 4762 scriptum.
