3625 5375
638 424 742 481 Epist.
764 424 897 494 1048.-7
918 427 1092 481 Faenunnrr
1113 438 1182 495 1550
1438 424 1492 494 677

292 573 441 642 'iusmodi
464 576 608 664 epistola
628 576 712 643 nihil
732 577 933 656 continebit,
952 579 1045 663 quod
1066 600 1134 644 non
1155 580 1198 644 ab
1220 577 1392 657 omnibus,
1424 576 1527 645 etiam
1633 596 1640 607 ·

292 703 393 759 extra
417 693 636 774 Societatem,
663 714 741 761 cum
762 693 981 763 edificatione
999 692 1069 780 legi
1085 693 1204 780 possit:
1227 714 1292 762 nec
1314 704 1383 759 tam
1404 693 1529 758 verbo-

297 829 385 891 rum,
400 829 503 893 quam
520 830 646 889 rerum,
665 808 839 897 blr'leuiter
851 820 885 875 et
898 821 976 895 apte
988 810 1170 889 dictarum,
1185 807 1406 875 multitudine
1418 809 1528 893 abun·

291 924 390 1004 dare,
413 936 451 990 vt
471 924 694 991 consolationi
715 924 893 1011 spirituali,
917 947 985 991 non
1006 924 1142 991 fastidio
1161 924 1218 1004 sit,
1243 923 1394 991 debebit.
1422 926 1466 989 Et
1487 944 1531 988 ne

298 1052 430 1107 vertere
454 1038 488 1105 in
512 1040 624 1107 varias
646 1040 784 1128 linguas
806 1062 886 1106 cum
907 1040 1070 1127 temporis
1090 1040 1268 1125 dispendio
1284 1049 1453 1126 oporteat,
1471 1039 1529 1103 vbi

293 1156 487 1222 comoditas
514 1168 686 1241 suppetet,
715 1156 815 1224 binae
843 1156 1022 1224 mittentur
1048 1155 1202 1223 eiusdem
1230 1155 1376 1241 exempli
1404 1154 1528 1222 littere:

294 1271 425 1339 alterae
441 1274 635 1350 vernacula,
653 1273 780 1339 alterae
796 1272 901 1339 latina
916 1271 1035 1358 lingua
1048 1271 1274 1357 conscriptae,
1289 1294 1379 1356 quae
1389 1266 1532 1337 ad'alios

298 1386 484 1480 transmitti
500 1386 643 1472 possint.

368 1504 465 1571 Haec
480 1503 593 1569 omnia
611 1507 712 1570 Pater
728 1503 763 1569 in
780 1504 844 1571 X.⁰
862 1515 978 1571 noster
994 1504 1148 1591 Ignatius
1165 1502 1339 1573 obseruari
1356 1504 1458 1571 vellet
1481 1502 1532 1581 di-

299 1618 459 1704 ligenter,
478 1640 542 1687 nec
558 1631 737 1705 expectare
754 1630 790 1686 vt
807 1620 840 1686 in
857 1621 1072 1690 obedientiae
1088 1622 1214 1689 virtute
1234 1621 1270 1687 id
1290 1618 1530 1705 praecipiatur:

286 1734 395 1818 ¹quod
412 1746 524 1801 tamen
542 1734 694 1801 facturus
710 1746 773 1815 est,
793 1736 820 1801 si
837 1735 1056 1822 negligenter
1071 1736 1258 1815 obseruari,
1273 1736 1365 1820 quod
1377 1734 1435 1799 hic
1447 1734 1534 1800 scri·

303 1848 406 1927 bitur,
425 1848 716 1919 animaduerterit.

328 1944 330 1948 ⁴
369 1967 437 2032 Det
453 1965 551 2029 nobis
567 1966 726 2032 dominus
742 1962 775 2034 et
792 1969 888 2034 Deus
904 1979 1020 2036 noster
1031 1971 1134 2056 Jesus
1151 1970 1223 2037 X.⁰⁸
1244 1966 1389 2053 gratiam
1411 1967 1454 2033 ad
1475 1988 1535 2032 co-

302 2082 532 2175 gnoscendam
550 2092 585 2147 et
600 2084 834 2165 exequendam
851 2104 984 2170 semper
1000 2104 1097 2149 suarn
1110 2084 1389 2170 beneplacentem
1405 2092 1440 2149 et
1457 2104 1535 2168 per-

305 2196 426 2261 fectam
445 2197 669 2265 voluntatem.

371 2314 499 2378 Romae
516 2330 536 2393 7
553 2311 629 2378 idus
646 2312 822 2380 Februarii
845 2330 939 2397 1550.

368 2428 450 2491 Alia
466 2450 584 2507 manu,
600 2450 622 2493 α
639 2434 748 2515 tergo.
768 2429 975 2497 Obedientia
991 2428 1176 2497 scribendi.
1190 2510 1195 2525 Ι

371 2542 414 2606 In
436 2543 604 2629 Regestio
629 2546 661 2609 A
683 2544 780 2610 todas
797 2547 1131 2631 partes.-Scrluese
1153 2550 1173 2610 a
1195 2546 1292 2611 todas
1315 2555 1431 2629 partes
1455 2566 1534 2629 que,

299 2659 537 2742 comenoando
550 2659 655 2728 desde
671 2660 702 2728 el
720 2663 821 2746 Mayo
837 2660 1009 2748 signiente
1024 2660 1080 2729 del
1097 2676 1151 2745 50,
1167 2662 1295 2748 ynblen
1308 2683 1376 2727 vna
1387 2671 1481 2728 carta
1494 2661 1538 2727 de

305 2774 354 2838 las
370 2794 467 2840 cosas
482 2776 526 2839 de
542 2775 736 2843 edification
752 2799 819 2861 que
836 2799 879 2862 ay
895 2800 939 2845 en
955 2779 1041 2844 cada
1057 2799 1149 2857 casa,
1163 2782 1185 2844 ό
1201 2776 1360 2863 collegio,
1380 2782 1402 2843 ό
1417 2797 1538 2863 perso·

305 2910 365 2954 nas
382 2889 603 2974 particulares
619 2911 686 2976 que
702 2893 814 2959 andan
831 2893 874 2960 de
890 2915 952 2980 por
968 2898 1009 2974 εἰς
1028 2915 1051 2978 y
1067 2914 1134 2978 que
1151 2914 1197 2958 no
1214 2893 1319 2959 falten
1341 2893 1384 2959 de
1407 2912 1429 2975 4
1450 2915 1493 2959 en
1516 2911 1538 2974 4

306 3025 417 3070 meses
430 3005 472 3072 de
488 3004 609 3090 ynbiar
625 3012 644 3072 a
661 3009 768 3074 Roma
784 3019 858 3076 esta
874 3010 921 3075 tal
938 3020 1046 3080 carta.

374 3123 426 3186 2.⁰
472 3121 551 3205 Que
567 3122 599 3188 la
615 3123 743 3207 ynblen
759 3124 876 3204 latina,
896 3125 1045 3192 vbiendo
1062 3126 1210 3211 aparejo,
1233 3148 1256 3210 y
1277 3137 1352 3192 otro
1373 3123 1472 3210 copia
1492 3145 1537 3190 en

308 3237 441 3320 vulgar.

376 3349 427 3434 3.⁰
474 3353 552 3435 Que
564 3373 622 3419 sea
640 3351 744 3420 breue
760 3375 781 3438 y
794 3354 1001 3438 edificatiua,
1016 3378 1081 3422 con
1094 3376 1204 3435 cosas,
1219 3361 1291 3420 mas
1304 3377 1371 3440 que
1384 3375 1449 3421 con
1462 3375 1539 3419 mu·

303 3467 393 3532 chas
409 3467 577 3551 palabras.

374 3581 428 3662 4.ο
475 3585 553 3667 Que
569 3583 597 3649 si
616 3584 733 3664 laltan,
752 3608 788 3652 se
805 3585 854 3652 les
872 3587 1033 3653 mandare
1049 3588 1154 3673 luego
1170 3609 1213 3655 en
1229 3586 1436 3653 obedientia.
