3625 5375
388 462 443 536 634
627 459 630 466 '
769 466 978 522 Monurrrrm
997 465 1178 522 lamnam

353 640 395 687 su
416 618 561 705 yglesia‚
579 600 605 705 'y
626 620 720 688 darie
742 630 800 686 tan
821 618 936 685 bueno
957 640 1039 706 para
1061 618 1140 700 ella,
1162 617 1468 701 uniuersalmente,
1484 641 1590 689 corno

351 756 418 822 por
431 740 534 803 razon
551 756 588 803 se
604 756 704 822 spera
719 736 752 801 lo
768 740 845 801 sera
862 755 944 820 para
959 744 1033 801 esta
1049 733 1190 801 minima
1206 734 1407 823 Computa,
1426 759 1470 805 en
1486 738 1589 822 qual·

352 851 555 937 quietaque
571 872 657 937 caya
671 853 705 918 la
720 850 869 921 electiori
884 850 928 920 de
943 851 995 917 ios
1011 870 1079 935 que
1095 872 1134 919 se
1149 850 1268 937 piensa
1283 858 1399 937 cayra.

417 969 471 1034 De
486 978 580 1033 otras
596 988 694 1033 cosas
710 966 934 1053 particulares
950 970 1142 1047 remitome‚
1159 977 1257 1052 parte
1272 971 1293 1031 a
1306 968 1357 1033 las
1378 976 1477 1036 antes
1496 968 1588 1037 scri-

351 1094 415 1163 taS,
434 1093 530 1170 parte
546 1088 566 1149 a
581 1082 632 1148 las
646 1102 715 1167 que
731 1104 812 1149 aora
827 1081 970 1149 scriuira
985 1085 1089 1149 Mtro.
1104 1077 1256 1149 Pola'nco
1271 1084 1298 1163 ⁰,
1317 1103 1383 1148 con
1399 1085 1473 1149 solo
1488 1084 1587 1151 dezir

350 1220 429 1285 que,
448 1218 546 1266 como
561 1204 623 1265 aea
639 1220 684 1265 no
699 1200 863 1286 podemos
879 1196 955 1263 sino
970 1199 1177 1264 acordarnos
1191 1203 1212 1263 a
1226 1199 1260 1264 la
1274 1197 1416 1265 contina
1434 1199 1479 1265 de
1501 1222 1585 1286 pre-

308 1310 311 1319 ’
351 1325 466 1382 sentar
483 1320 502 1381 a
519 1316 562 1381 V.
582 1316 670 1383 Stia.
686 1324 766 1383 ante
780 1312 866 1380 Dios
883 1314 929 1383 N.
946 1314 985 1384 S.
1002 1334 1047 1380 en
1063 1323 1222 1380 nuestras
1234 1314 1358 1401 pobres
1371 1314 1550 1383 oraciones
1560 1339 1587 1403 y

350 1429 546 1511 sacrificios‚
564 1431 737 1497 deseando
752 1429 786 1496 la
796 1427 1038 1497 conseruation
1053 1438 1276 1515 yaugmento
1288 1428 1453 1497 continuo
1465 1431 1508 1497 de
1521 1453 1585 1498 sus

350 1558 467 1613 santos
479 1546 586 1612 dones
601 1566 645 1615 en
658 1546 703 1613 V.
718 1546 821 1625 Sria.,
837 1566 919 1630 para
934 1565 976 1609 su
992 1546 1120 1610 mucho
1136 1537 1283 1611 seruicio
1298 1567 1322 1629 y
1338 1544 1514 1626 alabanza,
1532 1552 1585 1613 asi

350 1660 556 1747 suplicamos
578 1683 622 1729 en
649 1661 682 1727 el
708 1662 819 1729 Senior
845 1669 987 1726 nuestro
1013 1680 1060 1725 no
1088 1679 1151 1726 nos
1178 1658 1295 1726 oluide
1325 1682 1370 1728 en
1396 1661 1447 1727 las
1477 1682 1587 1747 suyas

350 1778 394 1846 V.
414 1778 517 1857 Stia,
537 1776 653 1863 porei
673 1796 803 1844 mesmo
819 1796 914 1843 amor
934 1776 978 1843 de
993 1773 1091 1856 Dios,
1109 1784 1252 1842 nuestro
1273 1775 1415 1842 criador·
1422 1800 1446 1863 y
1462 1786 1581 1844 senor.

417 1892 532 1978 Quian
549 1912 611 1978 por
626 1913 668 1960 su
683 1890 817 1957 infinita
832 1914 855 1977 y
872 1912 970 1957 suma
990 1890 1163 1957 bondada
1188 1892 1288 1957 todos
1312 1890 1431 1975 quieta
1454 1893 1515 1958 dar
1540 1914 1585 1961 su

350 2007 467 2095 gracia
479 2006 652 2093 cunplida‚
663 2028 744 2094 para
756 2027 824 2092 que
836 2028 878 2074 su
890 2006 1067 2073 santtsima
1078 2006 1245 2073 voluntad
1256 2005 1392 2093 sienpre
1404 2007 1586 2091 sintamos,

349 2146 372 2211 y
388 2124 523 2208 aquella
538 2133 773 2191 enteramente
788 2125 822 2189 la
833 2124 1045 2209 cunplamos.

417 2242 472 2309 Dc
487 2242 593 2307 Roma
611 2262 632 2327 9
648 2239 692 2309 de
708 2240 820 2305 Enero
840 2254 938 2323 1550.

419 2358 452 2423 A
468 2360 567 2443 tergo
582 2355 699 2421 eadem
715 2376 835 2421 munte.
850 2332 959 2441 Copia
971 2354 1015 2422 de
1022 2377 1093 2422 ‘vna
1106 2376 1189 2441 para
1204 2355 1237 2422 el
1248 2355 1365 2440 duque
1376 2357 1420 2424 de
1432 2356 1583 2425 Gaudia.

349 2472 513 2541 Gennaro
534 2486 629 2555 1550.

879 2581 882 2599 ¹
929 2597 1007 2678 997

527 2733 555 2800 F
557 2729 792 2800 RANCISCO
818 2731 1029 2798 BORGIAE
1051 2732 1164 2799 DUCI
1186 2732 1403 2800 GANDIAE

755 2865 844 2910 noua
863 2869 880 2923 9
897 2867 1044 2921 yruumm
1065 2867 1135 2924 1550
1154 2855 1176 2915 ¹.

384 2970 519 3044 Borgiaa
532 2969 676 3044 [gnatius
687 2968 799 3024 annuit
812 2973 846 3023 ut
858 2987 961 3024 sacros
973 2971 1095 3026 ordines
1104 2971 1200 3042 possit
1211 2972 1364 3043 suscipere
1373 2974 1402 3025 et
1411 2971 1449 3025 ab
1460 2973 1548 3026 omni

830 3075 960 3114 censura
972 3058 1098 3114 absolvi.

415 3175 551 3246 Dilecto
568 3175 603 3242 in
620 3173 685 3243 X.⁰
701 3174 797 3241 fratri
818 3174 1003 3243 Francisco
1019 3176 1063 3242 de
1084 3175 1225 3267 Borgia,
1247 3177 1292 3243 de
1316 3176 1436 3244 eadem
1457 3174 1577 3244 Socie-

349 3303 431 3376 tate,
449 3293 595 3359 salutem
612 3291 648 3358 in
665 3290 814 3358 Domino
830 3290 1085 3377 sempiternam.

414 3411 517 3490 Cum,
535 3407 600 3474 Dei
616 3407 652 3473 in
668 3417 703 3475 te
718 3405 863 3494 gratiam
881 3405 916 3472 in
933 3407 1024 3474 vitae
1040 3427 1080 3472 ac
1095 3406 1273 3475 doctrinae
1288 3405 1445 3494 xpianae.
1459 3408 1580 3493 profe-

346 3524 459 3591 ctibus
474 3525 667 3590 elucentem
680 3523 866 3605 intuentes
881 3523 925 3588 ad
936 3521 1093 3608 propriae
1104 3521 1299 3589 deuotionis
1310 3533 1535 3609 augmentum
1548 3534 1578 3605 ¹,

347 3661 387 3706 ac
403 3636 558 3706 diuinum
576 3639 741 3704 honorem
758 3647 793 3702 et
809 3634 965 3721 gloriam,
984 3646 1019 3703 et
1034 3635 1199 3703 ecclesiae
1222 3657 1305 3703 suae
1325 3649 1466 3704 sanctae
1484 3636 1579 3701 vtili-

348 3765 451 3822 tatem
468 3755 554 3834 fore,
573 3763 610 3818 vt
626 3753 670 3819 ad
685 3773 814 3831 sacros
833 3751 936 3818 etiam
952 3750 1211 3837 presbiteratus,
1224 3750 1362 3820 ordines
1376 3771 1579 3837 promouea·

347 3870 405 3951 ria,
424 3869 459 3935 in
475 3869 596 3936 eodem
612 3867 761 3936 Domino
776 3887 965 3954 speremus3
984 3866 1198 3947 auctoritate,
1223 3865 1321 3934 nobis
1342 3887 1363 3931 a
1383 3868 1466 3935 sede
1492 3888 1577 3954 apo-

346 3983 468 4052 stolica
483 4004 659 4063 concessa,
679 3981 752 4063 tibi,
770 3996 807 4048 vt
824 4005 844 4048 a
857 4002 1075 4067 quocumque
1087 3982 1249 4048 malueris
1262 3981 1434 4048 catholico
1445 3981 1579 4049 antisti·

346 4110 392 4178 te,
407 4099 552 4185 gratiam
565 4109 599 4166 et
611 4097 887 4165 communionem
900 4096 1095 4184 praedictae
1106 4095 1198 4164 sedis
1209 4098 1370 4178 habente,
1384 4099 1429 4164 ad
1440 4119 1575 4182 omnes

345 4215 447 4283 etiam
464 4233 580 4281 sacros
590 4223 631 4291 ,et
647 4213 903 4300 presbiteratus,
919 4211 1056 4280 ordines
1068 4211 1262 4298 promoueri
1274 4212 1395 4297 possiS,
1414 4213 1575 4281 concedi-

398 4400 411 4428 ι
448 4389 661 4455 augumentum
670 4399 727 4440 ms.

398 4537 409 4570 ⁰
445 4533 494 4590 Cf.
509 4534 649 4608 epistolas
662 4534 715 4606 976
729 4541 759 4590 et
775 4545 854 4601 1007.

400 4699 406 4730 ¹
445 4697 490 4754 Ex
503 4697 681 4770 apographo,
696 4695 726 4751 in
738 4693 841 4750 codice
856 4693 974 4752 Decret.
989 4697 1017 4749 et
1031 4694 1133 4762 imin,
1145 4691 1179 4750 tf.
1194 4706 1249 4749 21v
1262 4700 1293 4749 et
1306 4707 1370 4752 221.
