3625 5375
382 460 436 531 478
760 461 968 516 Monuuenrr
988 460 1166 514 [curemur

413 613 466 696 4⁰
513 614 592 699 Qus
608 614 771 701 predique
787 626 801 653 ⁸
817 636 860 682 en
879 614 1050 692 Palermo,
1069 616 1148 679 (ten
1166 610 1314 695 Mecina,
1332 616 1353 678 ό
1373 633 1418 677 en
1439 610 1578 677 Calata-

347 730 482 816 girona,
498 750 600 817 *como
616 730 648 797 le
664 730 850 816 parcciere.

414 847 466 929 5.⁰
513 846 654 931 Quanto
670 851 690 911 ἑ
707 846 739 912 la
754 844 986 924 vniversidad,
1004 866 1073 930 que
1090 866 1134 911 no
1150 843 1357 929 concluyen,
1375 852 1413 907 vt
1429 864 1532 929 supra
1549 844 1576 921 ³,

351 960 404 1027 sin
420 958 588 1029 remitirse
604 966 673 1027 aea

412 1076 465 1143 6.⁰
510 1076 564 1145 De
580 1076 613 1143 la
627 1077 695 1162 yda
710 1077 753 1143 de
774 1078 876 1143 Mtro.
900 1078 1103 1143 Dominech
1126 1078 1151 1155 ⁴,
1175 1097 1243 1160 que
1263 1086 1368 1160 tenga
1389 1085 1515 1141 cuenta
1533 1074 1579 1139 de

346 1214 393 1259 no
410 1192 589 1279 desplazer
604 1198 624 1258 i
639 1194 690 1259 los
706 1190 888 1277 viserreys.
969 1246 974 1253 .

737 1308 895 1373 lubiadas
911 1327 955 1372 en
976 1325 1014 1390 13
1031 1308 1074 1375 de
1085 1306 1190 1394 Julio.

919 1477 998 1559 776

359 1606 362 1613 ’
417 1576 420 1582 ’
464 1626 620 1695 PATER
638 1628 853 1716 Jonuues
877 1630 940 1695 ue
964 1628 1192 1696 eomuco
1217 1628 1279 1694 nx
1302 1573 1455 1695 conn.

689 1760 815 1816 PATRI
833 1758 982 1831 JOANNI
1001 1758 1232 1818 ALVAREZIO

787 1908 874 1951 1101111
891 1895 924 1949 18
935 1908 1013 1961 Juuu
1028 1908 1098 1964 1549
1111 1896 1135 1951 ¹·.

346 2026 484 2100 Epistola
495 2028 999 2101 objurgatoria.-Reprehenriitnr
1013 2029 1190 2084 Aloarezius
1202 2030 1283 2099 qnod
1294 2030 1483 2090 inconcinne,
1496 2030 1581 2081 cresin

399 2118 507 2183 nimio,
526 2124 554 2175 et
572 2119 722 2192 permixte
740 2122 775 2174 rie
793 2118 891 2181 rebus,
909 2136 986 2190 qnae
1001 2120 1118 2175 secerni
1133 2118 1249 2183 debent,
1266 2116 1580 2189 scribon-Carpitur

397 2208 490 2263 etium
501 2210 580 2279 qnod
589 2208 712 2264 sinistre
725 2226 812 2263 nsum
821 2210 975 2264 hnmanae
984 2209 1169 2279 prudentiae
1182 2210 1400 2279 interpretatus
1412 2208 1462 2272 sit,
1475 2206 1579 2279 perin-
1621 2198 1628 2208 ’

396 2298 432 2353 de
445 2312 481 2354 ac
493 2298 520 2352 si
532 2298 591 2353 toli
600 2300 767 2371 prudentia
782 2299 838 2367 nti,
852 2302 926 2353 esset
939 2310 1089 2353 «curvare
1097 2314 1203 2370 genno
1215 2300 1286 2352 anie
1299 2296 1408 2352 Bnrrln.

936 2434 1013 2520 Jhs.

411 2584 464 2650 De
480 2580 605 2649 Rroma
621 2604 665 2649 no
682 2584 802 2651 tendri
818 2583 861 2649 V.
881 2583 951 2648 md.
967 2604 1028 2668 por
1041 2582 1199 2649 nouedad
1215 2604 1282 2669 que
1295 2583 1416 2667 salgan
1429 2581 1579 2667 algunos

343 2690 504 2784 capellos,
523 2699 557 2764 ni
574 2720 655 2767 creo
669 2700 702 2766 le
718 2701 915 2786 desplezere
930 2699 975 2765 de
995 2699 1171 2767 recibirlos
1186 2700 1237 2765 los
1258 2721 1325 2784 que
1346 2699 1390 2767 de
1411 2709 1507 2786 parte
1535 2698 1581 2764 de

344 2817 445 2882 Mtro.
471 2815 606 2901 Ignatio
625 2817 657 2881 le
680 2825 785 2902 teugo
801 2817 844 2882 de
859 2813 982 2895 inbiar,
1001 2821 1099 2882 antes
1115 2815 1234 2901 pienso
1250 2815 1301 2880 lus
1316 2814 1476 2883 estimari
1493 2835 1572 2899 para

343 2934 371 2996 si
389 2935 460 2996 mis
476 2951 542 3014 que
559 2932 610 2996 los
627 2931 728 3016 roj0s3
746 2953 769 3016 y
785 2931 813 2997 si
830 2953 874 2997 en
895 2931 980 2998 ellos
1004 2953 1060 2998 me
1087 2931 1280 3016 halargare,
1307 2927 1504 3016 atribuyase
1529 2947 1577 2994 no

343 3046 530 3112 solamente
547 3052 566 3112 a
582 3046 614 3112 lo
631 3067 698 3130 que
715 3065 847 3114 mereze
863 3047 896 3113 el
912 3068 981 3131 que
995 3047 1047 3113 los
1065 3045 1190 3126 reciue,
1205 3068 1287 3132 pero
1303 3067 1372 3112 aun
1387 3049 1408 3111 i
1421 3045 1454 3111 la
1467 3045 1573 3111 forta-

344 3162 417 3227 leza
433 3183 501 3246 que
516 3162 571 3228 del
588 3183 624 3228 se
641 3163 796 3246 concine,
815 3183 876 3248 por
893 3164 925 3229 la
941 3163 1020 3247 qual
1036 3184 1159 3248 parere
1174 3184 1242 3248 que
1255 3163 1339 3228 todo
1354 3161 1441 3230 sele
1458 3162 1579 3247 podria

318 3297 323 3305 ·
343 3276 436 3343 dezir
452 3277 485 3342 lo
501 3297 568 3362 que
584 3279 762 3344 conbenia.
782 3279 813 3344 Y
830 3297 915 3364 pues
931 3300 975 3364 yo
992 3279 1043 3344 soi
1059 3299 1157 3343 como
1172 3278 1300 3364 pluma,
1320 3299 1364 3343 no
1375 3299 1421 3362 ay
1433 3298 1495 3362 por
1507 3280 1575 3361 que

343 3393 555 3459 tomarnada
572 3394 729 3460 comode
748 3398 790 3458 ml
809 3395 947 3480 (queen
968 3404 1067 3460 notar
1087 3399 1108 3459 a
1128 3399 1173 3459 mi
1196 3415 1326 3460 mesmo
1351 3393 1483 3459 tendria
1508 3410 1576 3476 que

299 3579 303 3588 A
344 3509 473 3592 hazer),
491 3509 567 3575 sino
583 3531 682 3576 como
698 3510 741 3575 de
758 3521 899 3576 nuestro
918 3511 1028 3577 Padre
1044 3531 1113 3594 que
1127 3511 1210 3576 selo
1225 3513 1271 3574 ha
1287 3507 1478 3606 ordenedo

401 3727 415 3754 ²
439 3711 570 3784 'predica
582 3729 636 3770 nis.

345 3819 556 3830 ——--—.—-—

399 3885 410 3916 ⁵
448 3882 524 3938 Vide
537 3851 692 3956 epistolam
706 3883 897 3956 superiorem.

397 3976 408 4008 ⁴
446 3971 590 4027 Nimirum
605 3972 643 4028 de
660 3971 841 4044 proiectione
859 3973 1034 4044 Hieronymi
1052 3971 1232 4028 Domenecci
1250 3971 1280 4026 in
1295 3971 1479 4044 Hispaniam,
1495 3987 1585 4056 quse»

342 4062 379 4118 ad
392 4061 472 4118 aliud
485 4070 602 4134 tempus
616 4063 787 4118 transmissa
801 4071 857 4120 est.
874 4062 970 4135 Epist.
986 4063 1110 4128 Mixtae,
1128 4063 1165 4132 11,
1184 4060 1247 4131 193.

396 4241 403 4274 ¹
443 4241 487 4296 Ex
500 4241 677 4313 apographo,
692 4241 721 4295 in
735 4239 806 4296 Cod.
819 4242 909 4296 Rom.
927 4241 951 4307 I,
967 4259 996 4295 n.
1011 4239 1118 4307 CXIX,
1133 4241 1213 4311 prius
1229 4252 1261 4307 15
1274 4248 1306 4294 et
1317 4241 1361 4309 16,
1371 4237 1483 4311 duplici
1492 4237 1574 4294 folio.
1589 4263 1595 4278 ·

342 4329 534 4386 Desideratur
546 4329 612 4385 finis
626 4329 712 4401 hujus
722 4330 874 4401 epistolae.
887 4330 921 4385 ln
930 4329 1032 4385 codice
1043 4329 1141 4402 Epist.
1153 4329 1283 4384 Polnnci
1291 4347 1327 4383 ex
1337 4346 1443 4384 comm.
1447 4368 1456 4394 ,
1468 4345 1498 4383 n.
1513 4339 1574 4398 120,

342 4420 421 4492 prius
442 4417 503 4490 123,
521 4427 618 4474 exstat
635 4417 843 4490 fragmentum,
863 4436 930 4474 cum
953 4419 1169 4490 subscriptione
1188 4419 1369 4488 autographa
1387 4416 1421 4472 P.
1442 4417 1572 4482 Polauci,

341 4507 419 4581 quod
434 4507 629 4564 videturesse
644 4507 787 4579 epistolae
800 4510 1060 4580 complementum,
1072 4507 1198 4580 ideoque
1211 4507 1298 4561 simul
1312 4509 1365 4561 has
1382 4506 1455 4562 dms
1474 4514 1574 4579 partes

343 4597 431 4652 edere
441 4597 619 4653 curavimus
635 4595 830 4652 Summarium
845 4597 999 4668 epistolae,
1009 4597 1088 4669 quod
1101 4596 1138 4651 ad
1147 4599 1259 4652 calcem
1269 4595 1350 4651 illius
1359 4595 1473 4666 damus,
1485 4596 1577 4650 habe·

342 4697 389 4742 tur
402 4685 433 4742 in
445 4685 547 4742 codice
562 4687 679 4760 Regest.
696 4685 719 4752 I,
736 4684 786 4743 iol.
804 4698 880 4756 1701,
895 4703 973 4742 vers.
987 4684 1004 4738 3
1020 4699 1062 4754 19.
