3625 5375
554 445 657 501 Erus.
678 448 933 513 §mquam
949 444 1118 501 Domuum
1139 442 1209 515 1548
1405 438 1457 509 2⁸5

328 597 383 681 4⁰
427 601 460 666 Α
488 598 677 665 Hernando
703 599 747 665 de
774 599 885 685 Vaga,
911 618 981 685 que
1005 597 1120 665 senua
1140 598 1173 665 el
1192 598 1233 663 P.
1257 597 1383 672 Araoz,
1407 594 1437 660 si
1460 595 1495 659 le

260 734 395 798 pame-
923 756 926 761 ·

438 912 439 917 .
735 872 737 881 ι
852 850 952 941 5211-
988 818 991 823 ’
1015 871 1018 876 ,

328 988 589 1059 FRATRIBUS
606 990 803 1059 LOVANll
828 990 886 1057 ET
910 988 1156 1101 COLONtnE
1179 989 1242 1055 EX
1266 987 1419 1056 COMM.

479 1172 487 1187 ,
590 1136 679 1179 sous
699 1134 851 1179 creuere
870 1134 1033 1179 socnam
1053 1120 1122 1193 1548
1142 1121 1163 1175 ¹.

259 1237 392 1293 Litterae
403 1256 525 1293 ottnune
539 1238 627 1307 1548,
641 1238 747 1309 quibus
759 1238 909 1310 quaedam
919 1240 976 1309 per
988 1236 1180 1309 sociosfactc
1191 1238 1328 1307 otiaque,
1339 1237 1382 1291 att
1396 1234 1492 1290 Socie-

517 1328 590 1383 tntt's
602 1328 822 1383 incrementum
835 1326 1015 1400 spectantia,
1029 1330 1233 1383 recensentur.

790 1450 955 1593 ,alr

327 1639 448 1706 Gratia
464 1650 498 1707 et
515 1661 581 1725 pax
597 1638 726 1706 domini
741 1640 849 1707 nostri
866 1642 941 1707 Ihu.
959 1638 1090 1707 Christi
1105 1658 1186 1707 cum
1202 1638 1362 1705 omnibus
1377 1636 1489 1725 vobis.

260 1755 385 1821 Amen.
1516 1748 1518 1753 ’

327 1872 415 1939 Cum
432 1870 579 1939 libenter
594 1870 774 1955 quaealiis
797 1870 833 1937 in
853 1870 940 1937 locis
958 1872 1055 1938 Deus
1074 1864 1237 1957 operatur
1261 1891 1322 1956 per
1343 1868 1487 1955 indigna

260 1985 443 2055 Societatis
463 1986 567 2071 hujus
589 1984 817 2054 instrumenta
836 1984 1056 2073 intelligatis,
1078 2008 1149 2053 non
1171 1984 1294 2052 dubito
1318 1984 1403 2071 quin
1426 1982 1489 2051 ali-

259 2101 341 2185 quid
357 2100 459 2167 etiam
476 2120 610 2180 eorum,
630 2119 718 2186 quae
735 2102 863 2171 Romae
879 2122 942 2188 per
955 2100 1065 2188 ipsius
1078 2101 1226 2188 gratiam
1242 2112 1423 2187 geruntur,
1441 2098 1489 2167 si·
1579 2177 1582 2181 ‚

259 2215 303 2283 tis
318 2204 466 2285 libenter'
480 2215 642 2299 audituri3
662 2218 754 2285 unde
768 2216 883 2305 aliqua
898 2239 942 2285 ex
957 2228 1068 2304 parte,
1084 2217 1165 2285 licet
1181 2215 1312 2303 paucis,
1326 2214 1488 2283 transcri-

260 2332 410 2399 bendum
427 2334 503 2412 erit,
522 2332 565 2399 ad
581 2332 656 2398 eius
672 2335 838 2399 honorem
854 2344 889 2401 et
905 2332 1065 2420 gloriam,
1080 2332 1139 2418 qui
1152 2332 1266 2399 omnia
1279 2330 1316 2397 in
1329 2330 1490 2397 omnibus

261 2460 435 2535 operatur.
458 2450 537 2533 Qua
554 2446 736 2533 plurimum
758 2448 894 2534 negocii
918 2446 1082 2517 exhibent
1103 2448 1185 2515 huic
1205 2446 1335 2527 domui,
1354 2464 1490 2531 queque

263 2562 400 2630 maximi
418 2576 499 2630 sunt
520 2562 696 2644 momenti,
721 2584 761 2633 ea
781 2575 875 2645 sunt,
897 2585 966 2649 que
985 2566 1028 2633 ad
1052 2564 1234 2635 societatis
1256 2563 1360 2630 huius
1383 2560 1491 2627 totius

260 2678 587 2748 administrationem
605 2680 802 2767 praelucent
818 2691 844 2761 ⁸,
863 2703 952 2767 quae
967 2701 1028 2768 per
1044 2681 1161 2752 literas
1176 2703 1196 2748 a
1212 2682 1252 2748 P.
1272 2681 1313 2748 N.
1332 2677 1376 2745 in·
1389 2675 1489 2744 Chri-

260 2806 313 2864 sto
329 2799 373 2863 D.
394 2795 528 2882 Ignatio
550 2817 676 2882 magna
697 2795 926 2866 sollicitudine
946 2807 981 2864 et
1001 2797 1116 2865 labore
1137 2793 1305 2886 regitlur]‚
1328 2793 1387 2880 qui
1408 2814 1490 2859 vere

260 2913 396 2998 pondus
413 2912 479 2980 tert
495 2909 561 2978 diei
578 2923 613 2978 et
628 2919 723 2978 e‘stus
737 2913 760 2977 ¹.
780 2912 848 2982 Sed
865 2925 903 2979 vt
919 2912 952 2979 in
966 2912 1008 2979 iis
1023 2912 1185 2999 gerendis
1197 2914 1344 2980 multum
1356 2923 1490 2998 tempo-

261 3028 308 3094 ris
328 3027 525 3114 impendere
545 3047 687 3096 necesse
706 3037 771 3108 est,
790 3048 859 3094 non
880 3027 928 3094 ita
950 3028 985 3096 in
1006 3029 1218 3116 explicandis
1242 3039 1294 3098 est
1318 3027 1401 3094 mihi
1424 3027 1489 3094 im·

259 3144 410 3228 pendere
427 3140 618 3208 consilium.
642 3143 828 3229 Complura
847 3142 951 3210 etiam
971 3144 1038 3212 alia
1057 3145 1204 3230 negocia
1223 3144 1280 3229 pia
1301 3157 1399 3214 extra
1423 3144 1489 3212 So·

259 3258 431 3338 cietatem,
445 3277 535 3343 quae
547 3257 590 3324 ad
603 3256 809 3326 christianae
821 3256 1029 3344 reipublicae
1041 3259 1222 3328 vtilitatem
1235 3261 1365 3328 Rornae
1376 3271 1486 3326 trans·

259 3374 386 3460 igenda
402 3384 496 3454 sunt,
514 3385 551 3438 vt
572 3375 616 3441 de
635 3372 937 3442 reformationibus
957 3373 1241 3443 monasteriorum
1259 3374 1363 3441 variis
1377 3375 1413 3440 in
1432 3376 1484 3441 lo·

259 3489 322 3571 cis,
341 3491 384 3557 de
399 3488 574 3576 erigendis
590 3499 624 3556 et
639 3489 858 3558 instituendis
874 3489 1037 3557 domibus
1052 3511 1236 3576 puerorum
1250 3502 1285 3559 et
1298 3491 1487 3576 puellarum
1529 3491 1533 3495 ’

259 3625 459 3692 pauperum,
478 3615 512 3670 et
528 3603 603 3672 aliis
619 3603 826 3686 huiusmodi,
845 3605 989 3672 consilio
1001 3615 1039 3673 et
1053 3627 1158 3692 opera
1169 3607 1210 3673 P.
1225 3605 1364 3693 Ignatii,
1381 3617 1417 3675 et
1428 3625 1489 3671 eo-

199 3748 202 3754 ·
260 3743 347 3800 rum,
367 3721 425 3806 qui
442 3719 534 3786 domi
550 3731 644 3800 sunt,
662 3719 852 3790 ministerio
869 3722 1113 3789 conficiuntur.

323 3837 457 3909 Vacant
474 3849 508 3905 et
525 3837 707 3906 audiendis
723 3837 946 3926 plurimorum
959 3837 1246 3922 confessionibus,
1261 3850 1331 3906 tam
1342 3842 1489 3926 magna·

258 3963 330 4019 tum
348 3975 388 4022 ac
404 3954 568 4022 nobilium
585 3977 687 4039 quam
705 3957 916 4040 plebeorum,
935 3953 994 4040 qui
1012 3975 1073 4041 pro
1095 3977 1159 4022 sua
1179 3955 1363 4045 deuotione
1378 3955 1414 4024 in
1430 3977 1488 4024 ec·

150 4115 155 4124 ·
258 4069 396 4137 clesiam
411 4059 563 4138 'nostram
580 4061 717 4156 plurimi
734 4070 889 4151 veniunt,
908 4082 944 4137 et
960 4070 1098 4156 quidem
1116 4068 1306 4138 hisdiebus
1319 4082 1387 4138 tam
1399 4072 1489 4137 mul·

314 4262 328 4289 ·
365 4249 494 4319 plucent.
509 4264 565 4302 ms.

309 4399 317 4432 ¹
356 4399 400 4454 Er
414 4401 593 4470 apographo,
608 4399 636 4454 in
654 4397 726 4459 Cod.
744 4397 850 4455 Coton.
868 4401 929 4468 ΙΙΙ,
947 4397 995 4455 fol.
1010 4402 1056 4470 46.
1071 4400 1229 4456 Maximam
1240 4400 1328 4471 hujus
1346 4401 1490 4472 epistolae

259 4495 371 4560 partem
390 4487 482 4544 edidit
500 4489 644 4558 Heusau,
660 4503 740 4562 oper.
760 4489 823 4558 cit,
838 4505 922 4561 page.
940 4490 1068 4560 126-129,
1081 4490 1143 4562 qui,
1162 4505 1221 4545 non
1233 4490 1306 4546 satis
1318 4498 1412 4560 recte,
1431 4490 1490 4562 epi-

255 4578 361 4642 stolam
376 4595 477 4634 mense
491 4579 568 4650 Mejo
580 4578 719 4650 scriptam
732 4595 799 4634 esse
813 4587 906 4650 putat.
922 4577 1052 4635 Videat}
1062 4579 1332 4652 calcem-epistolae
1346 4587 1447 4636 annot.
1461 4577 1489 4634 3.

309 4671 321 4702 ¹
359 4668 500 4737 Merra,
516 4669 581 4742 XX,
602 4681 643 4724 12.
