3625 5375
406 464 443 519 80
549 480 553 485 ’
784 462 992 518 Monunsnsa
1013 462 1191 517 [annilina

438 616 495 682 Ho
511 603 666 681 nieevuto
681 615 714 680 la
730 613 842 683 littera
858 616 902 680 de
918 600 940 679 6
956 600 999 681 de
1015 612 1029 653 δ
1047 612 1171 681 Martio
1186 615 1197 646 ¹
1215 610 1259 681 de
1278 614 1311 681 le
1331 614 1397 682 SS.
1416 606 1514 692 VV.‚¹
1533 616 1602 681 che

371 732 417 797 mi
434 730 681 817 ingratissima
699 730 753 798 nel
773 729 901 816 Signor
924 740 1054 809 nostro,
1075 730 1233 797 vedendo
1253 728 1287 794 in
1310 729 1422 814 quella
1442 728 1491 815 gli
1510 729 1599 796 desi-

370 845 455 913 derii
483 845 604 923 sancti,
634 848 698 913 che
725 845 773 932 gli
802 847 847 911 ha
875 844 992 911 donati
1019 844 1043 909 il
1069 846 1233 911 donatore
1260 845 1295 910 d'
1320 844 1403 931 ogni
1432 846 1530 924 bene,
1556 845 1601 913 de

301 939 307 949 ²
372 960 579 1049 aggiuttarsi
595 962 685 1028 nelle
701 982 780 1029 cose
794 961 852 1028 del
868 958 1007 1027 servitio
1022 972 1057 1026 et
1073 959 1181 1046 gloria
1197 959 1312 1026 divina
1324 972 1359 1026 et
1371 961 1525 1046 profecto
1537 982 1601 1027 suo

372 1076 559 1163 spirituale.
580 1078 623 1141 Et
638 1076 670 1141 ci
687 1076 722 1143 fu
739 1078 852 1142 ancho
868 1096 915 1141 un
932 1096 1046 1141 nuovo
1062 1074 1200 1143 vinculo
1222 1098 1281 1161 per
1300 1088 1474 1144 strenzere
1493 1074 1552 1162 pin
1569 1076 1602 1143 la

372 1192 507 1259 charita
523 1214 625 1259 verso
641 1190 671 1258 le
687 1192 750 1261 SS.
770 1194 860 1275 VV.,
883 1190 1131 1257 considerando
1142 1192 1165 1257 il
1181 1204 1340 1260 concetto
1362 1203 1396 1261 et
1419 1192 1602 1259 devotione

373 1311 437 1375 che
458 1317 632 1374 mostrano
651 1309 779 1373 havere
798 1329 898 1375 verso
922 1308 953 1373 la
974 1306 1112 1373 minima
1133 1306 1346 1393 Compagnia
1366 1320 1499 1389 nostra,
1526 1330 1545 1373 a
1569 1309 1602 1373 la

372 1424 472 1507 quale
487 1421 678 1489 devocione
693 1445 732 1490 se
747 1422 815 1489 Dio
832 1422 862 1488 ei
876 1420 1073 1489 eoncedessi
1087 1434 1184 1507 poter
1197 1422 1394 1507 rispondere
1405 1444 1470 1489 con
1483 1445 1599 1508 opere,

372 1560 471 1605 corno
492 1538 524 1604 ci
546 1538 589 1604 dai
613 1536 636 1604 il
660 1538 829 1605 desiderio
855 1540 898 1604 de
919 1538 1116 1624 adoperarei
1137 1538 1192 1604 nel
1211 1536 1350 1605 servitio
1371 1538 1545 1624 specialec
1565 1538 1602 1603 di

373 1665 495 1740 questa
517 1676 580 1721 sua
604 1653 700 1736 cittai,
724 1656 756 1719 le
782 1654 847 1722 SS.
877 1654 953 1721 VV.
978 1653 1024 1720 mi
1048 1654 1273 1721 trovarebeno
1301 1652 1553 1740 promptissimo
1582 1679 1602 1721 a

372 1772 535 1837 mandare
552 1770 584 1837 le
599 1770 667 1837 due
684 1790 831 1855 persone
847 1770 914 1837 che
930 1768 1099 1848 scriven0,
1116 1780 1151 1835 et
1172 1768 1230 1855 piil
1252 1780 1382 1853 quanto
1403 1791 1423 1835 a
1446 1771 1501 1835 noi
1520 1772 1602 1837 sossi

375 1885 550 1972 possibile.
575 1889 632 1952 Ma
653 1906 751 1953 come
772 1907 810 1951 sa
831 1884 927 1951 Iddio
947 1884 1067 1971 signor
1088 1895 1205 1951 nostro
1226 1884 1292 1969 (cui
1313 1885 1385 1951 solo
1406 1886 1544 1953 servitio
1566 1886 1602 1953 in

379 2001 462 2087 ogni
481 2022 562 2067 cosa
582 2001 794 2067 desideramo
814 2022 875 2086 per
895 2001 1007 2087 gratia
1028 1998 1118 2085 sua),
1147 2022 1208 2085 per
1235 2001 1355 2067 adesso
1376 2001 1484 2067 siamo
1508 2012 1604 2068 tanto

375 2115 539 2203 spogliati
561 2118 604 2181 de
624 2138 768 2201 persone
790 2115 902 2201 quiin
928 2099 1046 2194 Roma,
1071 2118 1135 2183 che
1157 2115 1245 2181 saria
1266 2137 1326 2201 per
1346 2128 1468 2201 questo
1489 2131 1604 2205 tempo

374 2230 580 2317 impossibile
593 2215 795 2317 mendargli,
810 2232 948 2317 perche,
965 2232 1051 2297 oltra
1065 2230 1098 2297 di
1112 2252 1224 2299 essere
1237 2243 1498 2300 comunemente
1514 2236 1598 2298 mol-

313 2362 334 2384 ='
375 2359 410 2413 to
427 2346 580 2432 dispersa
600 2361 635 2413 et
655 2345 753 2431 quasi
776 2368 877 2432 sopra
898 2348 932 2414 le
954 2348 1046 2413 forze
1068 2344 1241 2431 ocupatad
1262 2369 1321 2432 per
1342 2346 1461 2413 ordine
1481 2348 1513 2413 di
1538 2372 1600 2415 sua

376 2461 501 2529 santitii
518 2473 553 2531 et
568 2461 644 2529 altri
662 2461 794 2547 prelati,
821 2462 933 2546 questi
958 2462 1006 2542 di,
1033 2463 1176 2528 facendo
1196 2461 1358 2528 instantia
1374 2462 1432 2549 pisi
1456 2466 1545 2531 volte
1568 2467 1600 2531 la

375 2576 456 2643 cina
472 2576 506 2644 di
523 2576 674 2645 Messina
689 2589 725 2643 et
739 2576 763 2641 il
786 2576 898 2644 vicere
920 2576 953 2642 di
976 2576 1103 2655 Sicilia,
1122 2576 1302 2644 scrivendo
1324 2597 1392 2643 non
1413 2580 1600 2657 solamente

373 2716 476 2776 ame,
494 2716 549 2760 ma
565 2692 666 2761 etiam
684 2715 703 2759 a
719 2715 782 2759 sua
805 2694 942 2772 santitii,
967 2693 997 2758 ci
1018 2696 1132 2758 hanno
1153 2705 1344 2760 constretto
1364 2716 1384 2759 a
1402 2697 1542 2762 mandar
1564 2697 1598 2762 in

371 2809 451 2894 quel
467 2831 576 2895 regno
593 2811 637 2875 da
658 2827 697 2891 14
712 2822 726 2848 ⁶
741 2829 887 2894 persone
904 2810 1040 2894 perdar
1056 2808 1222 2894 principio
1239 2831 1258 2874 a
1277 2805 1362 2876 certi
1382 2811 1516 2896 collegii
1541 2833 1598 2896 per

369 2927 402 2990 la
418 2925 632 3011 Compagnia
649 2936 683 2993 et
700 2925 786 2990 altre
799 2944 902 3009 opere
918 2923 986 3009 pie.
1006 2925 1048 2989 Et
1062 2924 1095 2988 in
1110 2935 1230 3006 questa
1244 2923 1503 3011 quadragesima
1516 2947 1600 2992 sono

370 3040 485 3106 andati
506 3039 595 3108 dieci
619 3039 762 3107 insieme
782 3061 843 3124 per
865 3041 911 3104 tal
939 3041 1076 3116 effeem,
1106 3041 1170 3106 che
1193 3038 1222 3104 ci
1252 3042 1366 3105 hanno
1389 3041 1517 3106 lasciati
1543 3041 1599 3126 piu

311 3217 314 3224 .
370 3168 486 3240 presto
503 3177 569 3221 con
586 3155 726 3241 penuria
749 3156 793 3222 de
815 3176 959 3240 persone
982 3178 1041 3240 per
1062 3156 1093 3219 le
1117 3175 1197 3222 cose
1220 3155 1277 3238 qui
1303 3156 1508 3236 necessarie,
1534 3159 1599 3222 che

370 3293 434 3336 eon
463 3270 671 3336 commodita
700 3272 742 3338 de
770 3284 867 3356 poter
895 3269 1024 3338 servire
1051 3271 1083 3338 le
1111 3271 1173 3340 SS.
1204 3273 1282 3338 VV.
1313 3293 1373 3356 per
1396 3273 1530 3351 adesso,
1556 3275 1601 3339 ne

369 3387 455 3454 altre
466 3385 477 3425 f
490 3385 664 3452 comunita
679 3399 713 3452 et
731 3385 849 3470 prelati
861 3385 963 3451 etiam
977 3385 1043 3451 che
1055 3385 1085 3450 ci
1099 3385 1244 3451 habiano
1256 3385 1417 3454 richiesto
1434 3387 1490 3472 pin
1508 3389 1599 3455 volte

370 3501 406 3566 in
427 3501 522 3568 Italia
542 3513 577 3566 et
599 3501 687 3566 fuori
708 3500 742 3566 di
764 3501 890 3586 quella.
918 3503 989 3566 Pur
1014 3502 1206 3566 mandando
1230 3501 1252 3566 il
1276 3500 1403 3588 Signor
1427 3517 1543 3568 nostro
1566 3505 1598 3570 la

372 3629 564 3703 opportuna
581 3616 800 3694 commonita,
819 3614 852 3682 io
868 3616 914 3680 ini
932 3627 1029 3682 trovo
1045 3637 1110 3682 con
1127 3617 1232 3682 molto
1252 3617 1419 3686 desiderio
1440 3619 1482 3686 de
1499 3619 1589 3686 satis·

423 3815 438 3855 b
477 3809 744 3864 Deestinnalter.»
782 3807 1101 3881 -cspiritualeanen
1140 3811 1599 3884 -dquestacompagniaaddi-

368 3907 420 3954 tur
433 3902 465 3955 in
480 3900 605 3954 uallet.»
645 3913 692 3941 -e
712 3899 749 3952 Iu
763 3898 877 3952 «alter»
889 3896 980 3968 prius
994 3897 1141 3970 scriptum
1149 3899 1218 3970 suit
1230 3898 1266 3954 da
1280 3899 1383 3956 dodeci
1397 3917 1413 3955 a
1429 3915 1472 3970 14,
1486 3905 1537 3957 sed
1546 3909 1597 3975 po-

366 3995 430 4045 stea
446 3990 577 4043 deletum
590 3992 633 4042 est
645 3985 749 4042 dodeci
763 4004 790 4042 a.
829 3989 875 4029 -s
891 3985 1010 4058 adesso,
1023 3988 1060 4042 he
1074 3989 1147 4043 altre
1161 3988 1251 4044 alter.

374 4093 571 4102 *—

369 4141 444 4209 544).
464 4140 503 4194 Di
516 4154 602 4193 mano
614 4137 662 4192 del
677 4137 769 4192 Santo
782 4153 841 4192 non
852 4137 877 4192 si
890 4134 968 4191 vede
979 4135 1028 4192 nei
1039 4137 1259 4210 dueesemplati
1269 4140 1324 4194 che
1335 4141 1362 4196 la
1375 4143 1596 4198 sottoscrizione

368 4247 385 4284 e
399 4231 426 4283 ie
440 4229 538 4300 parole
550 4229 606 4282 che
619 4228 648 4282 la
660 4225 837 4297 precedono:
852 4227 889 4281 de
910 4225 940 4280 V.
957 4226 987 4280 S.
1002 4225 1186 4291 humillimo,
1200 4232 1272 4282 etc.»

422 4319 456 4372 ln
470 4319 543 4372 Cod.
559 4317 645 4376 Rom.
661 4313 686 4380 1,
699 4333 730 4371 n.
744 4316 836 4382 XCII,
852 4313 934 4387 prius
947 4313 994 4386 81,
1008 4317 1133 4371 habetur
1146 4319 1314 4388 exemplum
1329 4336 1416 4374 manu
1429 4320 1463 4375 P.
1479 4321 1596 4376 Polanei

368 4405 520 4479 scriptum3
534 4413 565 4461 et
577 4403 607 4460 in
620 4403 722 4460 codice
738 4403 855 4475 Καμεὶ.
870 4405 895 4467 Ι,
911 4403 961 4458 fol,
980 4413 1065 4472 150v,
1082 4419 1164 4459 vers.
1186 4403 1278 4474 23·25,
1297 4407 1505 4464 brevissimum
1519 4408 1598 4464 illius

368 4496 567 4566 summarium,
583 4493 672 4550 etiarn
686 4510 702 4548 a
717 4493 751 4548 P.
766 4493 894 4547 Polaneo
907 4491 1223 4563 scriptun-Carine,
1237 4512 1267 4548 n.
1281 4493 1441 4553 CXLVlll.

420 4589 432 4620 ¹
472 4584 568 4656 Epist.
583 4583 706 4646 Mixine,
721 4581 745 4647 Ι,
759 4579 824 4652 483,
838 4581 890 4635 ubi
903 4580 1001 4635 datam
1020 4596 1037 4634 a
1057 4579 1246 4651 papiensibus
1264 4583 1417 4654 epistolam
1435 4585 1560 4656 legimus
1580 4601 1598 4654 5

368 4674 479 4730 Martii.
1439 4695 1443 4702 ·
