3625 5375
500 461 520 476 '
604 483 708 540 Erret.
728 481 866 538 toa-30
886 483 1015 538 Aratus
1037 483 1106 553 1548
1384 491 1432 536 tor

232 633 455 705 obedientiae
467 636 781 722 promptitudinem,
792 637 885 704 laeto
896 636 1011 702 animo
1023 636 1265 705 intelleximus.
1276 637 1320 702 Et
1332 634 1469 721 quidem

233 752 331 836 quod
347 753 396 818 ad.
405 751 582 818 dominum
599 751 778 819 Nicolaum
791 753 804 786 ⁸
817 751 954 831 attinet,
968 751 1067 818 cuius
1079 750 1181 820 etlam
1194 751 1326 818 litteras
1337 751 1471 837 simpli-

236 865 335 935 citati
358 887 398 934 ac
414 866 554 953 puritati
570 866 679 954 ipsius
702 866 736 933 in
759 866 952 935 obediendo
971 877 1174 936 attestantes
1189 867 1350 952 legimusr,
1373 867 1467 952 quod

235 983 345 1052 semel
361 982 482 1050 statuit
506 981 658 1050 Peterin
675 983 813 1050 Christo
834 994 953 1051 noster
968 981 1129 1050 dominus
1153 981 1319 1069 Ignatius,
1339 1002 1377 1048 re
1393 984 1471 1050 Deo

234 1100 476 1166 commendata
491 1111 526 1164 et
542 1099 779 1184 consyderata,
798 1099 893 1164 nullo
909 1099 1011 1165 modo
1021 1119 1101 1165 eum
1113 1097 1226 1166 sentio
1237 1107 1466 1166 mutaturum.

238 1215 284 1280 Et
300 1236 361 1300 pro
377 1235 440 1280 sua
455 1211 635 1300 prudentia
652 1225 686 1282 et
702 1211 873 1300 grauitate
888 1212 972 1282 fecit
987 1214 1196 1280 reverendus
1210 1211 1370 1280 dominus
1385 1233 1470 1280 can·

234 1329 396 1396 cellarius
411 1331 437 1408 ³,
455 1329 546 1414 quod
563 1349 626 1396 nec
642 1329 715 1415 ipse
735 1327 884 1396 seribere
905 1350 944 1395 ea
961 1329 1006 1397 de
1023 1351 1060 1396 re
1076 1327 1186 1395 voluit
1209 1339 1256 1408 et,
1280 1351 1324 1397 ne
1339 1328 1465 1395 scribe·

236 1457 304 1526 ret,
322 1445 493 1511 dominam
511 1455 525 1486 ⁸
540 1447 744 1531 bergensem
768 1445 779 1478 ⁰
800 1444 854 1511 vel
877 1445 1065 1531 capitulum
1086 1456 1140 1511 est
1159 1445 1376 1525 dehortatuS,
1399 1465 1470 1512 rem

235 1563 354 1645 potius
369 1563 444 1629 Deo
460 1559 738 1627 committendam
755 1583 831 1628 esse
847 1581 1004 1639 censens,
1023 1581 1043 1627 a
1059 1580 1128 1645 quo
1141 1559 1374 1646 praepositum
1386 1559 1468 1627 diri-

236 1677 389 1762 gendum
407 1679 479 1744 lore
494 1675 530 1742 in
546 1697 677 1758 eorum,
696 1675 754 1761 qui
776 1695 880 1744 curae
901 1675 1009 1761 ipsius
1028 1676 1224 1744 demandati
1240 1687 1333 1756 suut,
1360 1674 1471 1742 admi·

239 1789 453 1871 manatione,
475 1791 544 1876 pie,
573 1811 637 1856 nec
657 1789 772 1855 minus
799 1788 982 1876 sapienter,
1012 1788 1153 1856 iudicat.
1184 1789 1322 1857 Interim
1339 1801 1467 1872 tamen,

238 1908 324 1972 dum
342 1927 379 1972 se
396 1927 464 1971 non
477 1905 575 1972 vobis
591 1907 700 1972 solum
717 1907 778 1972 sed
794 1903 808 1946 b
824 1904 1019 1992 praeposito
1034 1917 1069 1971 et
1082 1905 1144 1971 toti
1155 1904 1321 1974 Societati
1332 1915 1470 1973 nostrae
1490 1926 1496 1940 ·
1587 1917 1594 1930 “

239 2029 308 2087 tan't
326 2022 465 2090 exhibet
481 2022 682 2100 officiosum,
701 2023 767 2088 iarn
784 2021 914 2108 pridem
928 2021 1167 2089 beneuolentia
1180 2020 1215 2086 in
1228 2019 1339 2107 ipsum
1357 2033 1393 2089 et
1404 2023 1471 2087 ob»

235 2137 410 2204 seruantia
426 2158 496 2202 non
513 2137 673 2204 mediocri
690 2137 856 2218 addictos,
880 2137 915 2201 in
936 2136 1010 2204 dies
1032 2135 1143 2202 reddit
1163 2158 1246 2203 sane
1262 2158 1326 2210 nos
1346 2158 1469 2204 omnes

236 2251 460 2320 addictiores.
479 2253 531 2321 Sit
547 2252 594 2318 illi
611 2252 778 2339 premium
794 2254 890 2320 Deus
902 2251 987 2338 ipse,
1006 2251 1065 2337 qui
1077 2252 1121 2317 ad
1133 2253 1221 2320 bene
1233 2252 1276 2320 de
1288 2251 1387 2318 nobis
1400 2273 1469 2318 me·

238 2369 386 2434 rendum
403 2367 512 2454 magis
529 2389 569 2436 ac
586 2368 696 2455 magis
712 2389 791 2434 eum
808 2368 898 2433 dono
915 2366 1092 2434 charitatis
1107 2364 1262 2454 impellit.
1280 2368 1470 2434 Plurimum

237 2483 431 2551 salutabitis
447 2505 525 2552 eum
543 2482 678 2566 nomine
695 2481 807 2551 Patris
823 2482 858 2548 in
875 2482 1013 2550 Christo
1026 2483 1133 2549 nostri
1150 2493 1174 2548 ⁰.

305 2601 410 2684 Quod
422 2601 465 2668 de
483 2599 592 2668 reditu
610 2601 653 2668 ad
669 2619 730 2666 vos
746 2597 875 2664 domini
887 2597 1008 2687 Jacobi
1024 2599 1068 2665 de
1079 2597 1273 2665 Gheldonia
1289 2596 1303 2637 ‘¹
1321 2601 1332 2633 ³
1349 2598 1470 2664 scribi·

235 2716 293 2795 tis,
309 2715 388 2801 quia
401 2717 555 2785 nonduin
569 2715 707 2782 sanitati
720 2714 960 2785 restitutusest
973 2726 997 2795 ⁸,
1012 2714 1106 2781 aliud
1113 2737 1184 2781 non
1196 2714 1357 2795 scribam,
1367 2736 1470 2800 quarn

233 2830 329 2917 quod
345 2830 445 2897 video
462 2832 600 2897 Patrem
617 2844 772 2899 nostrum
790 2829 953 2919 peculiari
970 2832 1096 2899 affectu
1112 2831 1156 2899 ad
1177 2852 1232 2899 res
1253 2829 1471 2897 louanienses

234 2966 460 3033 propensum,
476 2948 567 3015 unde
580 2948 684 3035 (quod
696 2947 731 3013 in
745 2946 819 3034 ipso
829 2947 905 3030 erit)
917 2967 1036 3013 earum
1048 2946 1276 3013 iuuandarum
1289 2945 1469 3011 occasione

231 3062 278 3127 ad
295 3061 361 3129 Dei
378 3064 541 3129 honorem
557 3073 593 3129 et
609 3062 753 3148 gloriam
770 3082 838 3127 non
855 3082 931 3130 esse
947 3061 1145 3127 delaturum
1163 3061 1314 3126 confido.

302 3176 547 3262 Superioribus
562 3176 686 3247 diebus
702 3176 934 3263 significatum
955 3188 1008 3242 est
1027 3174 1137 3254 vobiS,
1156 3178 1225 3242 hoc
1246 3174 1465 3260 impetratum

289 3398 303 3424 ι
340 3379 490 3435 dominum
513 3398 588 3447 ms.,·
608 3379 676 3436 dua.
699 3380 789 3437 ulter.
811 3398 860 3437 ex.
904 3383 953 3423 -b
972 3379 1032 3435 Sed
1054 3388 1085 3435 et
1106 3380 1196 3435 alter.
1234 3394 1282 3423 -ο
1306 3380 1344 3436 In
1366 3381 1467 3435 altero

233 3470 372 3541 exemplo
388 3470 461 3525 llaec
482 3470 654 3525 adduntur:
676 3467 737 3543 qul,
755 3469 994 3525 animaduerteus
1010 3486 1097 3543 quam
1121 3469 1170 3540 pie
1183 3477 1213 3524 et
1226 3468 1336 3524 deuote
1350 3468 1469 3539 signum

235 3556 309 3613 illud
327 3556 517 3613 benedictum
534 3558 709 3633 susceperit,
727 3557 785 3613 alia
802 3557 860 3612 duo
877 3556 915 3614 ad
932 3556 1059 3612 eundem
1078 3556 1115 3615 R.
1131 3557 1240 3616 Duum.
1258 3556 1467 3612 cancellarium

235 3646 337 3715 mittit,
354 3648 519 3719 inquorum
538 3648 631 3703 altero
650 3646 794 3702 liberandi
807 3646 933 3701 animam
947 3662 985 3701 ex
999 3644 1168 3718 purgatorio
1180 3645 1319 3719 quotiens
1331 3656 1377 3701 ter
1390 3644 1469 3701 dice-

234 3744 283 3793 tur
299 3736 387 3793 Putet
410 3742 440 3789 et
463 3737 530 3793 Aue
551 3734 732 3806 fucultatem,
752 3735 782 3791 in
799 3738 892 3791 altero
908 3744 1009 3791 cetera
1024 3734 1134 3805 omnia,
1152 3751 1230 3808 quae
1246 3734 1470 3791 comunioribus

235 3826 330 3897 signis
342 3826 451 3898 (qualia
464 3823 501 3880 ad
515 3842 568 3879 uos
581 3834 651 3880 sunt
664 3825 847 3893 transmissa)
857 3840 999 3879 concessa
1008 3834 1078 3879 sunt
1090 3822 1129 3878 de
1141 3825 1279 3878 thesauro
1292 3824 1470 3880 inexhausto

237 3915 417 3987 apostolicae
433 3913 498 3968 sedi
519 3914 688 3981 commisso,
701 3930 833 3969 summus
857 3912 991 3985 pontifex
1013 3912 1093 3967 Patri
1112 3922 1213 3967 nostro
1236 3912 1396 3972 concessit.
1437 3944 1470 3954 -

233 4004 249 4047 t
263 4012 292 4058 et
304 4004 341 4057 D.
354 4002 476 4059 Antonii
487 4002 567 4057 Viuk
576 4002 705 4057 additur
715 4004 748 4057 in
759 4002 885 4057 ualter.»
911 4014 958 4043 -ο
972 4002 1010 4055 D.
1022 4001 1150 4071 Jacobut
1160 4002 1290 4056 additur
1300 4001 1332 4056 in
1344 4002 1470 4058 latter.»

237 4107 447 4121 m

286 4168 297 4199 ⁸
336 4164 521 4235 Gaudauum,
537 4162 574 4217 de
587 4178 647 4236 quo
661 4162 796 4219 videatur
810 4162 991 4231 POLANCUS,
1010 4160 1135 4224 Cliton„
1150 4161 1173 4232 1,
1190 4162 1322 4231 294·296.

287 4254 299 4285 ³
336 4252 471 4307 Ruardus
485 4252 648 4324 Tappetus,
663 4250 841 4306 lovaniensis
854 4249 1022 4305 academiae
1040 4250 1246 4318 cancellarius,
1264 4250 1302 4304 de
1321 4248 1470 4305 Societate
1572 4256 1578 4265 “

234 4342 346 4415 optime
362 4341 494 4396 meritus.
510 4340 693 4411 PounucUS,
707 4342 766 4395 loc.
783 4340 847 4407 cit.;
862 4337 1153 4409 Ontauomus,x1‚
1168 4336 1214 4409 43;
1228 4338 1310 4411 x1V,
1324 4354 1371 4409 49.

287 4434 298 4465 ⁴
336 4428 546 4486 Marchionissa
560 4428 715 4500 bergensis
729 4437 791 4484 erat
804 4428 924 4483 domina
937 4429 1048 4498 Jacoba
1061 4428 1099 4482 de
1112 4428 1202 4499 Croy,
1218 4427 1254 4482 de
1268 4445 1326 4500 qua
1339 4444 1430 4499 saepe
1440 4428 1470 4483 in

235 4520 280 4575 his
296 4520 511 4576 Mouuuttttrts
524 4518 557 4574 fit
571 4519 692 4575 mentio.
706 4516 754 4573 Cf.
769 4517 942 4572 Potnucus
958 4516 1084 4585 Chron„
1098 4516 1123 4584 1,
1143 4531 1205 4587 295.
1225 4517 1307 4573 Illius
1320 4526 1420 4573 autem
1434 4516 1472 4572 ad

235 4610 382 4681 lgnatium
396 4610 510 4664 litteras
524 4606 653 4663 afferunt
667 4608 767 4680 Epist.
788 4606 911 4674 Mixlae,
928 4606 965 4675 ll,
980 4606 1043 4675 4163
1059 4606 1098 4677 V,
1110 4604 1174 4676 675.

288 4703 299 4734 ³
337 4700 363 4753 Α
379 4699 471 4771 patria
485 4714 537 4753 sua
552 4698 592 4754 ita
605 4698 829 4767 cognominatur
844 4696 974 4768 Jacobus
988 4694 1137 4751 Lhostius.
1158 4695 1234 4752 Vide
1251 4714 1351 4769 supra,
1368 4696 1390 4767 1,
1405 4694 1460 4767 393
